2900 4658
763 257 802 316 14

299 439 453 521 Rapere,
476 457 597 501 accerse
617 435 690 501 hino
711 436 766 521 qui
786 438 939 520 auferant
960 458 1040 500 eam.
1075 436 1153 521 quid
1171 437 1263 497 atae?
1284 431 1379 518 quid

214 523 341 586 cessae?
362 544 406 588 so.
455 525 492 587 l‘t
515 521 573 587 hos
595 541 703 586 versus
725 521 872 586 aderunt.
917 523 987 601 Quo
1008 521 1093 587 iacto
1120 520 1234 587 eodem
1266 518 1377 583 modo

214 627 278 691 quo
301 606 472 672 Bembinus
492 604 588 670 finem
611 605 739 671 fabulae
755 605 940 690 perhibent:

443 691 494 754 Ne
508 691 685 774 exspectetis
700 712 740 755 ss.
763 696 798 770 Ι).

287 776 349 840 dix
364 775 504 859 quinqua
518 776 679 841 codicibus
694 797 714 859 y
728 776 924 853 (Marcianus
940 796 1021 840 saec.
1037 775 1124 854 XII),
1147 774 1168 838 d
1182 775 1378 859 (Ambrosi-

215 881 296 926 anus
311 880 392 926 saec.
406 860 495 941 XIV)
510 860 781 946 a(Ambrosiaous
794 863 818 924 Α
832 882 860 925 a.
875 865 956 926 1408
968 860 1140 944 perfectus)
1164 859 1378 924 recensionis

216 945 364 1029 Galliopii
398 953 486 1018 sunt:
523 945 713 1029 subscriptio
747 947 830 1010 enim
858 945 1030 1027 Ocitiopr'us
1062 953 1201 1008 recenant
1232 965 1377 1008 scenam

216 1029 380 1115 praecedit
400 1030 432 1094 in
455 1030 504 1095 iis.
535 1031 733 1112 Quamquam
757 1032 914 1104 acetaria,
937 1031 992 1113 qui
1015 1036 1072 1093 aut
1093 1030 1193 1094 solam
1211 1029 1377 1113 Calliopii

217 1115 431 1192 recensionem
453 1121 512 1180 aut
533 1117 664 1179 mixtam
687 1136 757 1179 eam
779 1137 850 1180 cum
867 1114 986 1180 Donati
1004 1121 1182 1179 commento
1197 1115 1377 1190 exhibent,

217 1198 415 1266 discernendi
445 1207 521 1264 sunt
543 1205 717 1264 etcertum
741 1201 883 1265 codicum
907 1200 1050 1264 ordinem
1073 1198 1223 1264 efficiunt.
1271 1198 1376 1264 Cete-

216 1305 288 1348 rum
311 1305 330 1368 y
350 1292 382 1350 et
405 1284 425 1348 d
446 1305 484 1348 ex
507 1285 616 1350 eodem
639 1287 855 1368 manuscripto
884 1284 1036 1349 oriundos
1067 1305 1133 1348 esse
1164 1285 1374 1368 putaverim3

217 1369 249 1433 in
273 1377 409 1454 utroque
429 1372 513 1434 enim
536 1370 577 1434 ad
599 1367 695 1434 finem
717 1370 844 1435 fabulae
867 1370 976 1453 scripti
999 1375 1075 1432 sunt
1095 1389 1214 1444 versus,
1237 1370 1270 1432 in
1294 1391 1333 1454 y:

303 1453 415 1518 Duicia
438 1476 499 1538 que
521 1455 631 1519 docuit
652 1453 767 1519 tinctor
790 1477 829 1519 ne
853 1458 973 1538 respice
997 1454 1093 1518 verba

220 1623 227 1638 ι
273 1538 442 1686 dMulcaat
463 1541 540 1621 ut2)
562 1539 663 1604 dulcis
686 1545 748 1604 siste
764 1541 912 1623 ascriptio
929 1541 1015 1604 heri:

218 1645 251 1688 m
302 1643 310 1688 :

307 1707 419 1772 Dulcia
440 1727 522 1792 quae
544 1709 653 1774 docuit
672 1707 765 1774 fictor
790 1715 831 1773 l'.
855 1710 975 1792 respice
997 1709 1094 1772 verba

304 1793 446 1858 Muloeat
466 1801 504 1857 ut
525 1794 626 1859 dulcis
648 1802 787 1858 mentem
809 1795 1002 1878 conscripcio
1025 1793 1103 1857 beri.

306 1878 374 1942 Duo
417 1879 470 1942 alii
512 1878 559 1942 illi
592 1879 716 1943 codices
746 1878 922 1943 Altorfinus
954 1884 987 1943 et
1019 1877 1220 1942 Ebnerianus
1254 1884 1371 1942 utrum

220 1963 374 2028 Bembina
404 1983 445 2028 an
477 1962 624 2047 Calliopii
656 1965 832 2028 recensioni
861 1964 1021 2027 tribuendi
1052 1964 1117 2026 sint
1145 1983 1187 2026 an
1217 1963 1370 2028 codicum

220 2048 326 2114 ordini
348 2055 486 2112 ceterum
510 2069 573 2112 non
598 2055 681 2126 noto,
705 2048 842 2114 discerni
865 2069 928 2113 non
952 2055 1063 2131 potest.
1109 2047 1135 2110 Ε
1157 2049 1210 2130 qui
1235 2051 1372 2132 scripsit

220 2133 300 2197 haec
336 2132 487 2197 adnotat:
530 2135 629 2197 Hanc
655 2155 779 2198 scenam
812 2153 965 2217 nusquam
1004 2131 1081 2196 aiibi
1115 2132 1181 2195 uidi
1212 2140 1371 2217 ptrquam

221 2218 474 2302 (praeterquam)
495 2217 529 2280 in
552 2218 654 2280 codice
675 2218 813 2281 Terentii
834 2228 864 2302 qi
885 2237 902 2282 e
925 2217 995 2301 (qui
1008 2219 1066 2302 est)
1088 2216 1122 2279 in
1144 2219 1262 2280 eatenis
1277 2220 1373 2301 apud

220 2324 283 2366 sem
298 2302 528 2383 (seminarium)
543 2302 733 2367 dominicum
745 2303 917 2366 Bononiae.
960 2302 1014 2365 nbi
1037 2319 1095 2384 epa
1112 2302 1238 2385 (ipsam,
1258 2303 1369 2384 ipset)

220 2387 347 2471 repperi
360 2388 398 2449 de
414 2387 517 2451 littera
531 2388 698 2450 admodum
711 2389 853 2471 antiqua,
870 2387 1073 2470 superaddita
1087 2395 1190 2450 tamen
1201 2389 1370 2450 uidebatur

216 2483 290 2556 post
308 2472 484 2556 perfectum
507 2494 583 2556 opus
605 2471 685 2536 sicat
707 2482 737 2535 et
757 2472 817 2535 dic.
864 2494 942 2555 quae
964 2494 1006 2534 an
1026 2472 1127 2550 fuerit
1153 2473 1294 2536 Terentii
1321 2475 1370 2535 ci-

221 2559 335 2621 derunt
355 2556 424 2620 atii.
470 2580 522 2638 epo
545 2580 613 2620 cero
636 2557 686 2622 tu'e
709 2557 976 2620 transcribendum
1003 2557 1082 2618 duni
1108 2554 1142 2639 qi
1165 2575 1177 2622 r
1203 2557 1291 2641 (quia
1315 2559 1369 2643 in)

222 2641 424 2707 uetustissimo
446 2642 549 2704 codice
570 2651 599 2706 et
620 2643 751 2726 antiqua
773 2642 863 2704 ualde
884 2642 975 2704 litera
998 2641 1115 2722 scripta
1137 2651 1216 2704 erat.

307 2727 454 2792 Ceterum
478 2727 573 2792 verba
597 2727 676 2792 adeo
699 2733 849 2810 corrupta
871 2733 967 2810 atque
990 2726 1124 2790 obscura
1145 2729 1268 2791 tradita
1289 2736 1371 2791 sunt

222 2817 260 2878 ut
287 2833 327 2876 ne
357 2812 489 2876 summis
511 2812 638 2895 quidem
661 2815 861 2893 maximeque
883 2812 980 2874 variis
1002 2811 1191 2874 coniecturis
1213 2814 1369 2876 mutatio-

223 2897 378 2980 nibusque
400 2897 526 2980 singula
547 2898 792 2981 intellegantur3
817 2897 1004 2980 praesertim
1027 2917 1046 2959 a
1070 2902 1225 2960 versum.
1249 2899 1369 2962 misere

223 2982 417 3048 asententia
431 2984 631 3065 maximeque
654 3004 673 3047 a
695 2989 796 3048 metro
812 2982 960 3045 laborant
976 3001 1093 3044 versus.
1127 2981 1369 3047 Westerhovius

223 3066 321 3132 verba
342 3067 495 3130 intricata
517 3074 549 3130 et
571 3067 737 3144 absurdis,
769 3069 865 3131 immo
887 3066 1025 3131 barbara
1047 3073 1177 3147 questus
1199 3074 1263 3143 est,
1296 3067 1368 3131 Rit-

224 3152 361 3217 sehelius
382 3153 523 3236 permale
545 3151 694 3216 Bothium
719 3159 750 3216 et
766 3153 956 3215 Grauertum
981 3171 1089 3215 versus
1111 3153 1296 3216 emendasse
1319 3154 1367 3216 iu-

224 3236 328 3314 dicat;
351 3237 534 3320 procudisse
556 3237 700 3301 inficetos
722 3236 892 3300 versiculos
915 3242 948 3298 et
969 3235 1017 3299 vel
1040 3235 1190 3299 mediocri
1206 3243 1302 3319 poeta
1317 3238 1368 3301 in-

225 3322 351 3406 dignos,
375 3344 395 3386 a
416 3323 525 3404 lingua
547 3327 580 3384 et
599 3323 740 3386 numeris
763 3329 795 3386 et
817 3321 976 3384 sentemia
1000 3322 1177 3394 vitiosos3).

311 3408 393 3487 Quid
415 3408 492 3471 insit
514 3427 627 3470 scenae
650 3413 792 3490 apparet.
837 3406 924 3470 luter
946 3404 1156 3486 Pamphilum.
1180 3404 1367 3485 Charinum,

226 3490 437 3570 Chremetem,
461 3493 584 3557 Davum
599 3491 631 3555 id
648 3495 763 3573 agitur,
785 3498 821 3554 ut
836 3511 856 3553 a
872 3488 1038 3571 Pamphilo
1052 3488 1203 3553 Chremes
1217 3499 1367 3556 exoretur

226 3582 263 3641 ut
284 3577 503 3642 Philumenam
533 3575 632 3641 filiam
662 3599 682 3640 a
713 3575 879 3660 Pamphilo
906 3581 1045 3657 spretam
1076 3573 1215 3639 Charino
1244 3579 1367 3640 amanti

246 3813 252 3823 ¹
299 3824 319 3893 ¹)
356 3821 452 3889 Neque
470 3823 667 3877 Ambrosianus
685 3840 773 3891 neque
789 3822 946 3876 Marcianus
974 3820 1043 3874 duos
1066 3819 1114 3872 hos
1138 3819 1249 3873 ultimos
1273 3837 1366 3874 versus

227 3896 329 3949 babere
358 3891 501 3957 videntum
527 3893 761 3962 Umpienbachius
786 3892 859 3946 enim
883 3891 1009 3955 adnotat,
1039 3889 1068 3942 in
1086 3889 1268 3943 Ambrosiano
1294 3907 1365 3945 esse:

227 3962 334 4018 Andria
345 3960 423 4032 fluit,
442 3961 472 4013 in
490 3961 631 4018 Marciano
642 3963 734 4016 Pudtii
750 3961 860 4016 turarii
876 3961 937 4030 afri
952 3958 1049 4012 andria
1059 3957 1138 4028 finit.

297 4035 322 4094 2)
358 4033 433 4102 legas
452 4030 568 4085 tortasse
588 4038 626 4087 at.

298 4104 320 4174 ³)
356 4117 473 4172 parerga
492 4100 552 4155 587.
