2900 4658
763 272 803 334 36

211 460 308 526 liceat
329 479 441 542 neque,
464 477 598 542 quocum
622 457 754 534 rixetur,
778 457 889 521 militis
910 456 1047 520 intersit.
1080 457 1230 522 Ceterum
1245 457 1362 528 talem,
1425 522 1426 540 ,

212 545 316 629 qualis
347 544 453 620 adest,
490 543 574 606 hanc
605 561 732 608 scenam
766 543 800 606 iu
824 541 938 606 Colace
968 541 1065 606 fuisse
1095 563 1159 606 non
1181 549 1271 628 puto.
1324 543 1361 606 Id

212 633 338 706 omitto,
362 627 538 694 Chremetis
560 647 618 692 uec
640 648 752 693 nomen
776 647 834 691 nec
856 633 964 710 partes
984 625 1108 691 Colacis
1130 627 1229 692 fuisse
1250 649 1361 711 eaque

212 722 352 780 mutasse
373 713 556 779 Terentium
579 714 676 796 (quae
700 712 827 796 quidem
842 710 968 776 ‘leviora
999 712 1178 800 videntur);
1216 719 1252 778 at
1281 734 1360 778 cum

213 801 388 866 Menandro
403 799 434 862 id
451 799 647 882 propositum
663 798 750 862 sitin
769 797 891 874 Colace,
915 803 951 860 ut
967 797 1213 882 grandiloquum
1230 800 1363 863 iactan-

212 892 340 968 temque
362 883 546 968 depingeret
567 882 717 956 militem,
740 903 811 946 eum
834 903 896 946 non
919 883 1170 965 praetermisisse
1192 883 1277 948 hanc
1303 883 1363 948 de-

212 969 361 1056 pingendi
383 967 481 1032 talem
504 988 575 1032 eum
598 968 811 1046 occasionem,
845 967 1008 1050 multoque
1036 968 1248 1034 verbosiorem
1270 970 1362 1034 hanc

213 1056 310 1120 luisse
333 1074 470 1132 scenam,
492 1053 626 1117 fortasse
648 1053 750 1117 rixam
773 1055 843 1138 ipsa
864 1055 896 1115 iu
920 1072 1015 1116 scena
1036 1059 1140 1117 actam
1164 1075 1233 1120 esse
1248 1064 1361 1138 putes.

214 1145 236 1204 Α
263 1145 353 1222 parat
369 1138 525 1216 ¹Terentio
546 1138 630 1202 hanc
651 1139 683 1201 in
714 1157 809 1202 scena
838 1138 1011 1214 actionem,
1050 1159 1146 1220 quum
1176 1139 1218 1203 ad
1249 1142 1360 1224 ipsam

211 1161 354 1290 salsulam
375 1223 457 1288 hanc
480 1222 585 1287 miuus
608 1224 790 1306 pertineret,
813 1224 951 1288 retinere
974 1243 1037 1288 non
1059 1223 1202 1302 licuisse3
1226 1231 1361 1290 senten-

211 1311 274 1374 tias
294 1309 392 1392 igitur
420 1307 574 1373 eColece
603 1308 822 1386 transtulisse,
861 1308 956 1372 verba
984 1309 1087 1392 ipsum
1117 1308 1249 1374 tinxisse
1278 1330 1358 1374 eum

235 1402 301 1458 uto.

213 1417 234 1480 p
296 1479 340 1544 Iis
362 1499 444 1560 quae
466 1481 643 1561 sequuntur
664 1478 766 1541 scenis
789 1481 817 1553 2,
842 1481 870 1554 3,
894 1482 930 1555 4,
958 1477 1068 1543 fabula
1090 1479 1264 1544 secundum
1285 1481 1358 1546 Me-

212 1564 327 1629 nandri
350 1561 538 1628 Eunuchum
561 1562 683 1643 agitur3
720 1562 804 1646 quod
832 1581 852 1626 a
875 1561 1019 1627 Chaerea
1047 1570 1169 1646 gastum
1199 1571 1284 1641 arat,
1321 1571 1359 1629 et

213 1649 387 1714 Phaedriae
417 1653 450 1711 et
478 1647 610 1730 Pythiae
639 1647 792 1730 aperitur.
845 1648 914 1712 Hoc
935 1646 1083 1725 afferam,
1113 1649 1154 1713 ad
1176 1650 1231 1726 IV,
1255 1656 1284 1728 4,
1310 1655 1355 1714 27

214 1734 373 1799 Donatum
398 1735 568 1797 adnotare:
592 1725 847 1796 HaccPluctinc
869 1741 952 1808 aaut,
976 1755 1046 1797 cum
1068 1734 1101 1796 ic
1124 1735 1233 1798 iisdem
1256 1735 1356 1818 lonqa

211 1819 253 1883 sit
274 1819 462 1902 dispulerim,-
490 1819 545 1881 aed
564 1817 682 1880 mireo
711 1817 852 1880 Terentio
870 1819 1079 1903 proferuntur
1100 1820 1144 1881 ad
1163 1819 1229 1883 ciue
1250 1843 1357 1884 cccm-

208 1905 300 2054 tlt
320 1903 1357 2071 tritthtt‘j'ttttttlttl't?tttanlttttitlt

210 2075 289 2139 haec
310 2073 406 2138 verba
429 2073 596 2155 Plautique
619 2074 752 2137 similem
775 2093 910 2138 scenam.
964 2074 1012 2137 Ad
1040 2095 1212 2158 quamnam
1242 2075 1355 2140 Plauti

212 2159 405 2225 comoediam
421 2163 542 2241 spectet
556 2157 707 2236 Donatus,
729 2179 792 2222 non
808 2159 886 2224 satis
900 2159 1111 2241 intellegitur;
1135 2162 1354 2244 nequeenim,

212 2265 294 2329 quae
316 2245 347 2308 in
370 2242 501 2327 prologo
522 2244 715 2320 nominatur,
739 2242 885 2307 Colacem
900 2243 1072 2325 significari
1088 2251 1232 2329 apparet.
1263 2247 1355 2312 Duos

213 2330 342 2394 ultimos
364 2349 476 2393 scenae
498 2334 631 2412 quartae
653 2349 760 2392 versus
783 2349 802 2392 a
826 2329 972 2394 Terentio
996 2330 1122 2394 additos
1145 2351 1213 2394 esse
1228 2337 1358 2396 constat

213 2421 250 2479 ut
273 2414 472 2479 Chremetem
493 2413 712 2477 advenientem
736 2414 951 2497 spectantibus
973 2415 1151 2481 adnuntiet.
1259 2444 1264 2472 r

298 2498 351 2575 IV,
374 2503 392 2563 5
416 2505 449 2562 et
472 2502 490 2560 6
513 2519 552 2562 ex
577 2499 728 2563 Eunucho
748 2499 949 2583 desumptae,
973 2501 1027 2564 sed
1049 2499 1275 2586 interpositum
1298 2500 1357 2564 ad-

214 2582 380 2666 ditumque
401 2589 451 2647 est
472 2584 571 2666 ipsius
593 2583 733 2647 Terentii
755 2584 928 2648 inventum.
972 2585 1121 2650 Chremes
1150 2586 1234 2648 enim
1264 2585 1356 2669 apud

214 2669 366 2734 Thaidem
390 2669 570 2743 revertitur,
593 2673 629 2732 ut
651 2669 766 2732 certior
787 2669 845 2732 fiat
866 2669 904 2732 de
920 2670 1104 2754 Pamphilae
1129 2691 1261 2754 genere;
1285 2673 1357 2754 ipse

214 2755 314 2836 igitur
336 2753 457 2818 reditus
481 2752 626 2817 Eunuchi
648 2758 704 2817 est
748 2753 809 2818 Sed
831 2755 895 2817 iam
918 2775 1015 2837 supra
1035 2755 1266 2830 adnotavimus,
1290 2757 1358 2819 alio

215 2839 317 2916 modo,
340 2837 487 2920 quoniam
510 2839 582 2902 rixa
596 2837 707 2904 militis
719 2838 888 2902 Menandri
899 2839 1052 2905 Eunucho
1067 2862 1129 2906 nou
1146 2841 1231 2918 insit,
1256 2840 1358 2905 Chre·

215 2929 330 2989 motem
353 2922 507 2988 Thaidem
530 2925 720 2987 convenisse.
764 2928 869 3006 Atque
891 2923 918 2987 si
940 2925 1010 3007 quis
1033 2926 1157 2990 Colacis
1178 2946 1246 2989 esse
1269 2926 1357 2990 hanc

215 3029 342 3074 scenam
364 3008 519 3092 disputet,
551 3029 591 3071 ne
613 3009 646 3072 in
669 3007 783 3072 Colace
805 3008 932 3091 quidem
962 3031 1033 3074 eam
1059 3011 1106 3074 ita
1133 3025 1354 3095 comparatam

215 3094 312 3159 fuisse
341 3092 430 3172 licet,
464 3093 613 3174 quoniam
643 3094 677 3158 in
707 3114 745 3157 ea
774 3092 883 3157 sabula
912 3094 951 3158 de
974 3095 1140 3180 Pamphila
1161 3097 1228 3159 cive
1251 3096 1357 3160 libera

216 3178 388 3264 aperienda
409 3177 488 3242 nihil
509 3179 623 3260 agitur.
663 3178 842 3242 Transtulit
857 3178 954 3261 igitur
969 3201 1007 3244 ex
1025 3181 1176 3245 Eunucho
1185 3182 1356 3246 Terentius

216 3265 261 3328 nil
282 3264 345 3328 nisi
366 3263 468 3347 ipsam
489 3283 554 3327 rem
578 3271 700 3338 actam,
723 3263 852 3328 Thaidis
875 3285 945 3327 cum
969 3265 1136 3331 Chremeta
1159 3265 1355 3350 colloquium

215 3369 278 3431 quo
300 3349 339 3413 da
361 3347 527 3432 Pamphila
549 3349 615 3412 cive
637 3349 755 3430 agitem
785 3349 961 3414 Chremetis
984 3351 1169 3416 ebrietatem
1192 3353 1354 3416 timorem·

216 3453 295 3517 que,
328 3439 544 3497 narrationem
567 3454 648 3516 quae
670 3434 710 3497 de
732 3434 834 3516 epulis
861 3433 911 3513 fit,
943 3435 1074 3500 Thaidis
1102 3437 1353 3514 adhortationes,

216 3537 299 3602 quae
321 3539 434 3582 scenae
457 3522 474 3581 5
498 3525 530 3582 et
554 3523 572 3582 6
594 3519 713 3598 insunt,
735 3520 795 3583 etsi
816 3519 991 3603 permultas
1013 3524 1187 3587 sententias
1203 3522 1352 3606 dictaque

216 3601 371 3668 eColaca
400 3608 563 3667 mutuatus
591 3612 653 3681 est,
686 3605 754 3687 ipse
785 3606 996 3687 composuisse
1024 3608 1196 3690 putandus.
1248 3609 1352 3690 Atque

218 3688 297 3753 adeo
319 3695 458 3751 mutasse
479 3709 552 3751 erim
573 3689 605 3752 iu
629 3688 835 3754 describenda
851 3689 1028 3755 Chremetis
1050 3713 1186 3776 persona
1209 3693 1352 3756 Donatus

218 3773 310 3838 testis
331 3778 378 3834 est
400 3772 556 3838 adnotans
579 3773 618 3837 ad
643 3773 745 3851 111,3,
765 3781 796 3838 l:
823 3777 915 3838 Haec
935 3777 1003 3852 (sol.
1016 3777 1205 3856 Chremetis)
1220 3799 1351 3861 persone

218 3859 305 3941 opud
331 3857 545 3922 Menandrum
574 3858 774 3922 adolescentis
806 3859 916 3922 rustici
946 3871 999 3924 cst.
1058 3862 1154 3925 Recte
1187 3864 1352 3926 adnotavit

218 3943 408 4016 Grauertus,
444 3961 483 4005 ea
504 3963 586 4024 quae
608 3950 785 4027 sequuntur
805 3945 918 4010 verba:
954 3957 982 4008 et
1009 3946 1227 4031 inconsequens
1253 3947 1350 4010 oratio

219 4037 263 4092 cet
290 4028 447 4112 pertinere
475 4027 516 4092 ad
539 4027 720 4092 Terentium
748 4029 850 4112 iisque
880 4030 1067 4113 significari,
1098 4054 1179 4115 quaa
1202 4032 1350 4096 Chremes

218 4113 369 4196 loquatur
402 4112 444 4176 ad
477 4113 544 4177 eius
572 4113 657 4177 modi
683 4134 852 4196 personam
883 4136 945 4180 nou
976 4116 1143 4199 quadrare.
1193 4118 1349 4202 Recteque
