2900 4658
771 306 792 368 4

207 510 270 574 que
290 488 429 554 breviter
451 494 484 553 et
504 487 667 552 commode
690 488 784 551 dictis
800 507 950 572 superare
965 487 1124 550 iudicatur
1140 491 1175 562 ¹).
1214 487 1256 547 At
1271 483 1350 548 haec

207 595 291 658 quae
312 573 478 639 attulimus
500 573 578 636 uitia
599 573 625 636 si
648 573 793 652 omittas,
816 594 935 652 moros,
961 571 1099 648 indoles,
1122 571 1220 634 vitam
1243 589 1350 632 eorem

208 660 264 744 qui
286 665 387 742 agunt
402 659 519 742 optime
542 657 709 742 descripsit
725 659 884 741 animique
900 658 1156 741 perturbationes
1173 664 1205 718 et
1221 653 1350 718 affecta-

208 744 312 894 tioqqs
334 763 430 826 quum
453 744 597 826 praecise
620 743 799 826 acriterque
822 749 890 807 tum
911 749 997 806 recte
1019 749 1052 806 et
1073 740 1165 824 quasi
1195 759 1247 803 res
1273 758 1351 802 vera

208 831 251 895 sit
295 828 417 892 einxit
432 829 470 906 ²).

325 933 405 995 eque
420 932 494 976 vero
516 911 686 977 defuerunt
706 913 762 995 qui
784 933 855 977 eum
879 911 1000 975 minimi
1025 913 1251 977 aestimarent:
1278 907 1352 972 Vol·
1439 927 1440 932 ¹

209 1000 312 1064 catius
334 996 532 1081 Sedigitus³)
566 1017 629 1061 non
661 997 763 1061 solum
790 997 910 1062 Naevio
940 1004 973 1060 et
1004 996 1117 1062 Plauto
1147 1006 1180 1061 et
1202 991 1351 1069 Caecilio,

210 1082 266 1148 sed
290 1082 412 1146 Licinio
434 1103 560 1166 quoque
582 1089 615 1146 et
639 1084 735 1146 Atilio
757 1103 829 1148 eum
851 1083 1029 1165 postponit3
1052 1081 1181 1146 Servius
1202 1078 1241 1144 ad
1258 1078 1353 1159 Verg.

211 1171 288 1232 Aen.
315 1172 342 1242 1,
359 1171 421 1231 410
447 1168 596 1231 adnotat:
620 1167 789 1231 Sciendum
813 1175 916 1230 tumen
938 1176 993 1243 ert,
1024 1167 1202 1230 Terentium
1220 1173 1355 1247 propter

209 1251 307 1316 colom
330 1251 397 1330 (sol.
421 1252 560 1332 dicendi)
579 1253 801 1335 proprietatem
824 1251 965 1316 omnibus
986 1251 1110 1316 comicis
1132 1273 1196 1315 care
1218 1269 1354 1333 praepo-

209 1338 315 1412 situm,
341 1336 450 1420 quibus
471 1346 527 1412 ert,
551 1346 702 1421 quantam
723 1338 769 1400 ed
788 1345 888 1402 mnu
907 1346 1035 1419 spectat,
1059 1337 1207 1420 inferior.
1247 1336 1354 1416 Atque
1439 1331 1440 1368 l

210 1423 274 1487 iam
298 1441 337 1485 ea
358 1421 458 1504 ipsius
479 1427 585 1486 aetate
609 1422 803 1486 accusabant
824 1421 962 1498 inimici,
995 1443 1058 1485 non
1088 1424 1192 1504 ipsum
1215 1419 1354 1483 scribere

210 1505 391 1572 comoedias
412 1526 487 1571 suas
509 1507 565 1571 sed
586 1507 704 1571 amicos
727 1506 864 1585 nobilem
888 1511 973 1570 certe
996 1525 1068 1570 eum
1091 1527 1200 1570 eorum
1222 1505 1254 1568 in
1278 1503 1354 1568 scri·
1439 1541 1440 1584 ᾗ

211 1590 315 1658 bando
337 1590 457 1655 auxilio
481 1593 528 1655 uti
541 1595 580 1672 ⁴).
626 1591 764 1657 Maxime
787 1591 981 1656 accusabant
1003 1613 1074 1655 eum
1098 1591 1183 1675 quod
1200 1587 1354 1653 contami·
1439 1603 1440 1656 ἒ

213 1682 306 1740 naret
326 1675 506 1740 comoedias
520 1677 667 1757 Graecas,
689 1675 710 1741 i.
722 1698 747 1741 e.
771 1676 879 1760 plures
901 1683 1067 1761 poetarum
1090 1675 1283 1740 Graecorum
1307 1672 1354 1736 ia·
1439 1677 1440 1758 ζ

211 1758 303 1826 bulas
324 1759 357 1823 in
383 1781 479 1825 unam
502 1762 715 1826 contraheret.
759 1762 892 1826 Luscius
912 1762 997 1825 enim
1019 1761 1271 1826 obtrectatorum
1288 1758 1354 1822 dux
1439 1775 1440 1790 ¹

212 1845 405 1910 Graecorum
420 1845 547 1911 fabulas
563 1854 628 1912 tam
649 1845 819 1928 diligenter
840 1847 944 1923 vertit,
969 1854 1005 1909 ut
1026 1866 1067 1910 ne
1089 1845 1201 1929 pedem
1223 1842 1354 1926 quidem
1439 1839 1440 1870 ²

212 1930 254 1995 ab
283 1930 323 1993 iis
351 1929 484 1994 auderet
506 1932 666 1996 discedere
680 1935 724 2010 ⁵),
755 1940 788 1996 et
816 1931 849 1995 id
878 1930 955 1995 vitio
977 1934 1074 1996 vertit
1096 1930 1244 1994 Terentio
1267 1927 1356 2012 quod
1439 1965 1440 1970 κ

213 2035 274 2079 non
296 2014 438 2097 integras
464 2017 613 2080 redderet
635 2017 759 2082 fabulas
781 2015 919 2080 Graecas
940 2016 994 2080 sed
1017 2013 1263 2081 contaminando
1286 2033 1357 2077 cor·
1439 2027 1440 2038 ¹

213 2109 385 2182 rumperet.
430 2100 521 2177 Quod
544 2123 601 2166 cur
622 2101 748 2174 fecerit,
781 2099 875 2166 facile
896 2101 1103 2183 intellegitur.
1156 2099 1236 2164 Cum
1259 2118 1356 2181 argu·

214 2191 339 2262 menta,
372 2205 454 2266 quae
478 2184 645 2251 Menandri
668 2185 785 2251 fabulis
807 2188 951 2262 inerant,
983 2187 1117 2250 sublatis
1139 2183 1233 2248 dictis
1254 2193 1287 2247 et
1309 2183 1357 2247 la·
1439 2183 1440 2192 ’

213 2269 304 2334 oetiis
318 2269 359 2344 ad
376 2269 568 2335 Graecorum
585 2271 707 2335 vivendi
724 2272 881 2336 rationem
903 2271 1146 2353 pertinentibus,
1170 2268 1264 2332 nimis
1287 2268 1358 2332 bre·

214 2355 266 2418 via
287 2360 320 2417 et
341 2354 452 2418 inania
474 2355 658 2421 viderentur
681 2376 763 2433 esse,
797 2355 870 2420 buic
893 2355 969 2420 vitio
1000 2358 1046 2418 ita
1075 2354 1196 2419 mederi
1222 2360 1359 2417 conatus

215 2447 281 2517 est,
313 2446 350 2503 ut
378 2440 557 2524 complures
581 2439 705 2506 fabulas
728 2440 867 2504 ciusdem
893 2439 958 2504 fere
982 2441 1162 2522 argumenti
1184 2437 1361 2502 imitandas

216 2525 277 2588 sibi
306 2525 439 2606 eligeret
465 2531 561 2623 atque
592 2527 633 2591 ab
662 2527 767 2590 altera
790 2525 899 2590 sabula
921 2525 1138 2589 fundamentis
1160 2544 1235 2588 suae
1257 2522 1361 2605 ipsius

216 2608 398 2674 comoediae
426 2611 553 2692 petitis,
592 2633 630 2674 ex
660 2610 760 2674 altera
789 2630 854 2674 una
875 2611 1015 2674 alterave
1039 2629 1176 2692 persona
1198 2609 1361 2672 translata

217 2694 379 2776 agentium
401 2713 630 2779 scenarumque
651 2715 818 2759 numerum
843 2701 992 2778 augeret,
1026 2693 1185 2758 difficilius
1212 2713 1290 2757 suae
1312 2692 1361 2756 ia·

217 2777 311 2842 bulas
327 2787 549 2860 argumentum
573 2787 605 2844 et
626 2780 783 2845 actionem
799 2779 946 2858 efficeret,
969 2780 1181 2863 spectantium
1197 2783 1362 2861 exspecta-

218 2864 338 2928 tionem
360 2863 666 2947 admirationemque
689 2872 902 2930 commoveret
922 2870 1020 2948 atque
1035 2863 1206 2928 sustineret
1218 2865 1255 2942 ⁶).
1286 2863 1362 2946 lpse

290 3107 312 3177 ι)
346 3109 486 3160 testantur
505 3105 559 3160 Cic.
576 3107 605 3159 in
623 3106 694 3161 Lim.
716 3105 839 3176 (Sueton.
859 3108 919 3162 rell.
938 3125 966 3178 p.
985 3110 1055 3176 aab
1076 3109 1197 3178 itemque
1215 3107 1242 3162 0.
1261 3077 1363 3162 Caesar

221 3177 434 3314 (eOd'lllocldarro
453 3247 525 3315 apud
543 3245 613 3300 Non.
632 3264 659 3316 p.
677 3249 763 3314 374,7
782 3250 810 3302 et
828 3264 871 3315 ap.
889 3248 969 3302 Char.
988 3247 1023 3316 11,
1043 3267 1068 3317 p.
1084 3250 1142 3310 147,
1154 3250 1189 3303 27
1208 3249 1260 3319 (ed.
1273 3247 1361 3317 Keil);

221 3316 414 3456 qlqrapqlepipt.
431 3315 469 3386 ΙΙ,
491 3318 513 3383 1,
532 3317 567 3370 57
585 3333 634 3383 ss.;
664 3317 783 3372 Euantb.
806 3318 842 3374 de
869 3319 994 3388 tragoed.
1018 3323 1047 3372 et
1071 3320 1192 3374 comoed.
1217 3337 1245 3389 p.
1267 3321 1308 3400 ¹4?
1326 3322 1363 3373 26

233 3403 247 3439 e
270 3426 276 3440 .
331 3404 397 3441 on.

238 3508 241 3513 .
290 3457 304 3498 ³
350 3457 460 3510 Sueton.
480 3473 506 3523 p.
526 3457 591 3520 294,
611 3456 680 3512 Gell.
698 3461 784 3512 noctt.
802 3459 860 3524 XV,
879 3463 922 3514 24.

292 3525 303 3565 ⁴
349 3526 446 3595 Neque
458 3525 603 3580 Terentius
621 3526 673 3582 hoc
691 3527 795 3582 factum
812 3543 871 3582 esse
888 3531 980 3598 negat.
1010 3527 1115 3582 Honori
1127 3528 1180 3582 sibi
1198 3529 1290 3594 vertit,
1308 3528 1363 3596 ipsi

224 3597 325 3666 populo
348 3612 406 3650 rem
428 3596 635 3650 diiudicandum
657 3598 789 3667 relinquit
806 3599 904 3652 Heaut.
923 3597 991 3667 prol.
1009 3599 1127 3665 22-27,
1156 3598 1274 3668 Adelph.
1292 3599 1363 3667 prol.

226 3667 337 3718 lli-¹21.
372 3665 509 3732 Quantum
528 3667 586 3720 veri
603 3667 668 3720 huic
686 3668 794 3723 crimini
811 3669 889 3734 insit,
914 3669 1056 3736 exquirere
1073 3668 1116 3722 vel
1135 3669 1290 3738 disceptare
1307 3686 1365 3723 non

223 3737 297 3799 licet,
315 3737 443 3803 quoniam
456 3753 543 3806 neque
552 3737 686 3806 Scipionis
699 3744 748 3792 aut
760 3739 845 3793 Laelii
863 3740 995 3792 sermonis
1013 3740 1164 3808 quidquam
1183 3740 1218 3794 ad
1236 3756 1286 3793 nos
1304 3755 1366 3808 per·

224 3805 300 3860 venit
316 3820 404 3927 neqnp
424 3806 530 3874 siquid
549 3812 622 3862 essct
638 3812 776 3862 servatum
794 3810 861 3864 haec
878 3811 968 3864 oratio
985 3811 1076 3863 soluta
1100 3814 1175 3863 recte
1201 3826 1264 3863 cnm
1289 3810 1366 3879 poesi

226 3890 385 3944 comparare
398 3891 440 3930 ur.

296 3946 318 4016 ⁵)
352 3944 422 3998 Eun.
439 3944 510 4013 prol.
530 3949 546 4000 7
565 3964 588 4002 e.
606 3965 633 4016 q.
651 3965 672 4000 a.

295 4015 317 4084 Β)
352 4014 472 4069 Euanth.
490 4013 525 4068 de
539 4020 610 4085 trag.
629 4020 658 4070 et
674 4033 742 4072 com.
762 4019 803 4084 15,
823 4023 869 4074 ll:
900 4018 972 4072 Illud
994 4018 1077 4072 etiam
1104 4019 1177 4074 inter
1194 4022 1288 4073 cetera
1305 4021 1363 4074 eius

226 4085 308 4139 laude
326 4085 440 4155 dignum
457 4084 568 4139 videtur
583 4086 657 4154 quod
674 4087 854 4157 locupletiora
871 4093 1033 4158 argumenta
1051 4105 1084 4142 ex
1103 4089 1259 4159 duplicibus
1283 4106 1365 4162 nego-

228 4156 275 4209 tiis
293 4155 427 4226 delegerit
444 4155 480 4210 ad
498 4155 683 4211 scribendum.
997 4175 1002 4188 ¹
