2900 4658
747 286 787 350 32

286 470 323 535 ln
346 491 401 548 ea,
423 489 518 552 quam
541 469 763 535 constituimus
784 470 903 550 sabula,
925 471 1028 536 locum
1053 472 1174 537 habent
1196 469 1363 534 Terentii

251 561 265 618 1
290 563 323 620 et
345 559 379 634 23
403 555 444 632 ΙΙ,
464 561 475 617 l
502 554 610 636 paucis
631 555 771 639 exceptis
793 557 942 633 versibus
967 556 1044 635 ΙΙ,3
1065 556 1177 640 paucis
1200 554 1363 630 additis3

201 555 216 621 1

202 604 260 712 ΙΙΙ,
274 644 309 716 3;
333 640 420 715 tlte
443 639 496 719 (at
517 659 646 722 prorsus
667 639 762 704 aliter
782 641 968 722 instructa);
991 643 1043 712 tv,
1061 641 1231 718 2-1t⁷‚o;
1258 639 1306 716 V,
1328 644 1361 708 l:

202 725 271 804 V‚2
296 725 364 808 (sed
377 731 529 802 mutata);
552 723 689 798 tha-6.
722 723 834 789 Cetera
850 733 906 790 aut
921 749 938 788 e
952 727 1065 791 Colace
1089 726 1256 806 desumpta
1289 729 1364 786 aut

202 809 389 875 aTerentio
410 808 522 874 addita
544 808 672 872 iudices.
715 809 775 873 Sed
800 811 962 875 videamus
984 813 1048 875 iam
1071 809 1207 892 stupris.

288 894 396 959 Prima
418 893 455 958 fit
476 894 595 958 mentio
617 894 728 958 militis
749 916 766 958 e
790 895 903 960 Colace
926 896 1085 980 desumpti
1102 896 1124 972 Ι,
1141 900 1170 972 2,
1187 899 1242 964 45;
1265 913 1363 956 nar-

201 986 253 1044 rat
281 978 392 1056 Thais,
429 985 602 1043 amatorem
636 978 768 1043 militem
800 982 833 1044 in
862 980 989 1046 Cariam
1019 981 1195 1064 profectum
1224 980 1363 1042 emisse

201 1063 400 1148 Pamphilam
424 1063 483 1128 sibi
506 1085 525 1126 a
547 1062 679 1146 parvulo
698 1065 909 1140 coniunctam,
933 1073 968 1129 ut
984 1067 1066 1130 dono
1082 1067 1142 1130 sibi
1157 1065 1260 1141 daret,
1287 1063 1359 1127 sed
1446 1073 1447 1124 l

202 1150 266 1214 iam
289 1169 446 1214 reversum
472 1148 617 1214 dubitare
639 1169 708 1212 eam
731 1150 816 1214 dare.
851 1151 1054 1214 Levissimum
1070 1151 1151 1213 hanc
1166 1169 1359 1232 personam

114 1231 117 1238 ’
202 1235 236 1298 in
260 1233 427 1298 Menandri
449 1233 601 1298 Eunucho
629 1233 725 1297 fuisse
754 1243 903 1318 apparet,
940 1257 1035 1318 quum
1069 1236 1110 1299 ad
1144 1255 1259 1297 nexum
1297 1233 1361 1295 ita

203 1326 328 1382 mutum
350 1319 526 1402 pertineat,
559 1326 596 1392 ut
618 1318 658 1382 ab
680 1339 717 1382 eo
741 1331 882 1384 amatore
905 1321 1023 1384 donata
1045 1321 1224 1384 adducatur
1249 1319 1359 1381 Pam-

202 1402 299 1490 phila.
346 1404 449 1481 Quare
472 1402 556 1467 hunc
579 1403 618 1468 de
641 1402 739 1466 milito
762 1404 879 1470 locum.
908 1413 944 1469 ut
965 1426 1061 1488 quam
1083 1415 1194 1488 postea
1216 1405 1250 1466 in
1274 1421 1358 1466 sce-

203 1509 277 1554 nam
298 1489 508 1573 producturus
531 1494 579 1552 est
599 1487 750 1552 invidiam
774 1490 841 1552 eius
863 1492 1014 1572 attingat,
1037 1489 1179 1574 paullum
1202 1485 1353 1571 amplifi-

203 1593 291 1638 casse
314 1574 439 1638 videtur
461 1571 635 1636 Terentius.
674 1572 766 1636 Certe
783 1574 906 1640 dicendi
918 1574 1050 1640 formam
1070 1574 1209 1638 hocloco
1224 1580 1355 1655 poetae

203 1659 365 1742 propriam
391 1657 592 1722 commendat
615 1655 758 1722 Donatus
780 1660 938 1724 adnotans
964 1661 1005 1724 ad
1029 1661 1051 1736 Ι,
1068 1665 1095 1733 2,
1114 1664 1173 1723 63:
1197 1658 1355 1722 Mandat

210 1744 381 1818 Terentius,
406 1753 440 1805 et
451 1742 527 1804 solet
537 1763 597 1824 per
612 1737 760 1827 ἔλλειψιν
781 1766 881 1820 seam,
905 1765 954 1806 rea
975 1743 1161 1816 huiuamodi,
1187 1750 1353 1824 certoque

204 1827 335 1894 oonsilio
356 1826 537 1892 Terentium
561 1828 720 1911 scripsisse
743 1827 820 1894 illud
842 1831 988 1894 ‘etiamne
1010 1828 1155 1913 amplius’
1182 1827 1354 1909 intellegi·
1446 1817 1447 1894 l

204 1920 266 1979 tur.
317 1912 426 1995 Neque
456 1912 560 1976 miuus
589 1933 670 1995 quae
698 1911 793 1977 Thais
822 1935 926 1979 secum
956 1915 1147 1998 colloquitur
1170 1913 1199 1992 Ι,
1224 1915 1252 1989 2,
1282 1915 1348 1974 117

204 2019 243 2063 ο..
257 2020 286 2080 q.
311 2019 347 2076 a,
370 1997 602 2080 quodammodo
625 1997 764 2062 Terentii
788 2019 855 2064 esse
877 2000 1037 2078 videntum
1060 1998 1143 2082 quod
1169 2002 1252 2061 enim
1280 1997 1349 2059 Do·
1446 2025 1447 2078 p

204 2090 301 2148 natus
323 2082 457 2148 adnotat
479 2081 521 2145 ad
543 2105 570 2144 r.
600 2083 673 2147 118:
702 2083 768 2146 Hic
785 2085 944 2148 Terentius
966 2085 1097 2148 ostendit
1118 2083 1241 2145 uirtutis
1263 2103 1349 2144 snae

204 2166 261 2231 hoe
281 2189 345 2230 esee
365 2176 399 2230 at
410 2166 608 2249 pereetpatas
620 2187 769 2248 personas
785 2191 857 2232 nore
872 2171 1000 2233 inducet
1014 2180 1043 2232 et
1061 2181 1163 2232 tamen
1179 2191 1198 2230 e
1214 2188 1345 2228 consae·

206 2252 312 2317 tudine
334 2275 395 2317 non
416 2253 555 2324 recedat,
579 2251 612 2317 id
635 2252 735 2326 valet,
761 2259 796 2316 ut
817 2256 926 2337 paucis
947 2255 997 2319 his
1019 2254 1137 2318 additis
1158 2252 1262 2316 verbis
1287 2273 1349 2315 no·
1446 2271 1447 2280 ¹

205 2359 276 2404 vam
310 2337 470 2421 quandam
503 2336 614 2401 faciem
652 2337 836 2402 attribuerit
873 2348 967 2422 poeta
1007 2339 1163 2404 meretrici
1198 2345 1345 2400 ceterum

210 2425 289 2489 satis
310 2423 455 2506 cognitae
477 2429 510 2486 et
530 2421 744 2504 pervulgatae.

291 2508 415 2572 Primus
436 2508 534 2590 igitur
555 2512 646 2572 actus
667 2508 807 2591 exceptis
829 2507 962 2572 fortasse
986 2509 1095 2591 paucis
1117 2508 1258 2573 versibus
1275 2507 1345 2570 Me·

207 2593 328 2658 nandro
344 2591 529 2657 tribuendus
551 2592 684 2657 videtur.
728 2593 809 2670 Quid
826 2593 865 2656 de
882 2593 921 2668 ΙΙ,
941 2600 952 2656 l
978 2594 1180 2657 iudicandum
1202 2592 1253 2670 sit,
1275 2592 1345 2655 iam
1446 2655 1447 2678 ¹

207 2698 303 2763 supra
323 2678 557 2753 adnotavimus;
583 2677 746 2741 Menandri
764 2677 907 2742 Eunuchi
929 2699 1000 2742 eam
1022 2699 1088 2742 esse
1111 2687 1252 2762 apparet
1301 2680 1346 2740 At

208 2783 317 2828 versus
339 2763 412 2827 inde
433 2782 454 2825 a
474 2784 501 2826 v.
528 2766 577 2825 22.
602 2783 620 2825 a
643 2762 789 2826 Terentio
811 2763 936 2828 additos
958 2773 1044 2845 puto,
1068 2765 1143 2845 quia
1167 2764 1214 2827 his
1236 2761 1344 2826 verbis

208 2868 289 2932 quae
313 2848 455 2931 sequitur
476 2867 571 2912 scena
593 2847 813 2912 introducitur.
859 2847 1002 2930 Namque
1025 2848 1109 2930 quod
1122 2848 1263 2930 loquitur
1278 2867 1344 2910 ser-

208 2953 281 2998 vus:
316 2933 413 2996 ‘ducit
440 2952 544 2996 secum
575 2933 726 3012 virginem
749 2933 829 2997 faeie
851 2932 993 2998 honesta'
1016 2935 1087 2999 ideo
1110 2933 1252 2997 additum
1275 2933 1343 2995 iam

209 3018 342 3084 adnotat
359 3017 510 3096 Donatus,
533 3026 570 3081 ut
591 3010 759 3100 οἰκονομία
777 3030 985 3102 praeparetur
998 3019 1137 3102 fabulae
1157 3039 1219 3102 qna
1241 3026 1341 3080 osten·

209 3104 304 3168 datar
327 3111 489 3166 amaturus
515 3101 663 3166 Chaerea.

297 3189 384 3266 Quae
406 3187 478 3252 inde
502 3187 542 3264 ΙΙ,
567 3193 585 3252 2
607 3197 796 3270 sequuntur,
819 3187 900 3252 nihil
922 3187 1085 3271 adipsum
1109 3188 1342 3251 sententiarum

210 3295 327 3339 nexum
356 3273 514 3356 pertinent
541 3293 640 3354 usque
662 3271 704 3337 ad
725 3293 753 3335 v.
777 3277 844 3347 36.‚
872 3281 1059 3358 constatque
1074 3274 1178 3356 ¹ipsius
1199 3270 1342 3335 Terentii

209 3360 328 3436 verbis,
351 3357 551 3421 Gnathonem
572 3355 694 3421 Colaois
716 3357 881 3422 Menandri
905 3379 979 3422 esse.
1029 3357 1090 3423 Sed
1120 3356 1340 3433 dubitandum,

210 3465 251 3508 au
280 3443 313 3508 in
343 3435 560 3526 componenda
588 3443 721 3524 parasiti
749 3444 891 3507 oratione
917 3445 1012 3506 etiam
1036 3464 1092 3506 suo
1115 3443 1245 3506 consilio
1275 3461 1340 3503 ser·

210 3528 494 3594 vieritTerentiut.
540 3527 683 3610 Namque
705 3527 746 3591 ad
769 3526 810 3601 ΙΙ,
834 3532 861 3603 2,
889 3533 902 3590 l
927 3528 1060 3592 adnotat
1086 3529 1242 3591 Donatus:
1266 3527 1340 3588 Hoc

210 3613 275 3678 iam
297 3613 375 3676 mire
397 3622 425 3675 et
440 3633 503 3696 pro
523 3611 619 3676 seculi
639 3620 667 3674 et
689 3621 858 3692 temporum
881 3613 1114 3693 reprehensione
1132 3610 1265 3696 satyrice
1284 3612 1337 3674 Te-

211 3697 346 3772 rentiae,
382 3697 464 3781 qnod
491 3697 578 3778 apud
597 3717 666 3760 eam
686 3697 813 3760 stultam
835 3707 921 3760 vocat
941 3697 1110 3780 simplicem
1127 3697 1289 3780 parasitus
1310 3704 1340 3758 et

211 3783 432 3864 intellepentem
448 3782 575 3845 malam.
617 3779 699 3845 Suae
714 3782 811 3865 igitur
826 3782 942 3847 aetatis
963 3804 1065 3848 mores
1086 3792 1119 3847 et
1143 3782 1263 3847 vivendi
1287 3801 1338 3844 ra-

212 3871 329 3935 tionem
353 3864 493 3951 proferre
516 3867 639 3932 videtur
659 3864 839 3944 Terentius,
861 3867 1020 3932 hominem
1041 3868 1173 3952 probum
1197 3867 1336 3944 stultum,

213 3955 331 4020 malum
360 3950 547 4037 prudentem
574 3950 748 4035 appellans.
792 3952 881 4016 Adde
902 3954 986 4034 quod
1008 3955 1048 4016 ad
1072 3975 1099 4017 r.
1126 3957 1173 4018 13.
1198 3953 1336 4018 Donatus

214 4040 365 4104 adnotat:
400 4033 600 4100 Vehementer
620 4036 755 4100 innectus
775 4046 819 4102 est
839 4037 873 4101 in
901 4049 1038 4122 tempora
1066 4046 1095 4102 et
1123 4059 1223 4102 morea
1247 4049 1336 4122 poeta
1444 4067 1445 4136 p

213 4123 269 4190 ab
291 4123 349 4190 hcc
368 4143 522 4207 persona,·
543 4119 578 4184 in
600 4142 662 4204 qua
683 4120 837 4187 hominem
858 4121 904 4186 ita
925 4122 1051 4188 inducit·
1058 4123 1216 4206 poenitere
1233 4124 1337 4208 prohi-
1445 4136 1446 4182 l
