2938 4658
777 275 815 338 18

229 455 279 525 lae
300 455 509 524 Terentianae
531 457 628 520 etiam
648 461 775 522 mortuo
796 461 904 539 poeta,
937 456 983 520 ita
1012 456 1133 519 factum
1154 475 1221 520 esse
1244 453 1363 520 conicit

227 549 341 625 utper
363 541 537 607 eiusmodi
559 542 753 608 occasionem
776 543 915 624 aliquam
938 542 1020 605 alius
1048 547 1160 624 poetae
1189 541 1244 602 sed
1274 537 1361 602 haud

228 626 327 690 multo
356 626 539 708 posterioris
567 645 665 690 manu
695 647 733 689 ea
761 645 856 698 scena
883 626 1068 703 adderetur,
1106 646 1169 708 qua
1200 623 1362 690 Charinus

228 711 450 794 despondetur.

313 795 488 876 Wagnerns
503 799 527 873 ¹)
549 793 714 859 Ritsehelii
737 796 928 860 sententiam
952 795 1034 860 alius
1055 802 1169 877 poetae
1191 814 1260 858 esse
1274 793 1362 858 hunc

227 881 346 946 exitum
369 899 430 944 non
453 879 581 963 probat,
610 881 663 942 sed
686 880 816 963 abipso
838 880 1002 956 Terentio,
1031 901 1128 961 quum
1149 880 1264 942 iterum
1288 899 1362 960 age-

227 971 315 1028 retur
332 965 459 1042 Andria,
482 985 553 1028 eum
578 963 696 1028 lactum
713 985 780 1028 esse
803 966 879 1030 dicit
900 967 994 1048 idque
1018 963 1113 1028 efficit
1135 971 1167 1026 et
1190 970 1362 1044 utrumque

227 1049 353 1113 fabulae
375 1051 494 1112 exitum
517 1071 537 1112 a
558 1049 704 1113 Terentio
733 1050 905 1132 profectum
937 1057 969 1113 et
997 1050 1162 1132 prologum
1190 1049 1244 1130 qui
1275 1069 1362 1112 nunc

226 1140 332 1198 exstat
353 1135 392 1198 ad
416 1135 498 1197 hanc
520 1135 653 1198 alteram
676 1137 832 1199 actionem
854 1157 922 1200 esse
949 1135 1172 1218 compositum
1210 1140 1361 1216 recteque

225 1218 382 1282 iudicasse
415 1219 454 1283 de
485 1219 543 1282 hoc
574 1219 661 1282 exitu
691 1219 727 1284 G.
752 1220 967 1284 Hermannum
998 1219 1029 1282 in
1060 1218 1212 1301 epimetro
1242 1227 1362 1296 censet,

226 1324 418 1386 quamquam
448 1325 486 1368 ne
516 1303 567 1366 hic
596 1303 722 1385 quidem
751 1311 836 1368 certo
865 1304 1023 1368 affirmare
1050 1325 1146 1367 ausus
1168 1303 1209 1368 s'n
1230 1323 1361 1366 scenam

227 1389 315 1452 illam
337 1389 378 1452 ab
399 1389 467 1471 ipso
490 1387 637 1452 Terentio
661 1410 728 1452 esse
751 1389 933 1471 profectam.
978 1389 1039 1452 Sed
1061 1388 1252 1452 monendum
1281 1387 1362 1450 mihi

225 1473 350 1538 uidetur
379 1474 412 1537 in
441 1473 613 1538 disserendi
643 1481 687 1555 et,
704 1473 912 1538 concludendi
941 1495 1055 1555 genere
1083 1494 1139 1537 suo
1162 1473 1360 1554 Wagnerum

226 1559 333 1641 paullo
355 1557 556 1624 audaciorem
576 1578 657 1635 esse,
688 1565 880 1622 statuentem
902 1561 936 1622 in
957 1559 1017 1622 hac
1040 1579 1135 1622 scena
1157 1557 1236 1623 nihil
1258 1577 1279 1620 a
1300 1557 1362 1622 Te-

226 1643 322 1706 rentii
345 1650 414 1706 arte
436 1648 468 1706 et
490 1641 649 1721 elegantia
670 1643 816 1708 recedere
839 1649 871 1707 et
887 1645 990 1728 ipsum
1006 1643 1188 1706 Terentium
1205 1642 1360 1706 Andriam

225 1727 258 1790 in
286 1747 412 1791 scenam
443 1726 613 1792 reduxisse.
665 1727 754 1805 Quod
786 1749 940 1811 apparere
968 1735 1076 1811 putat,
1112 1727 1263 1790 Andriam
1285 1733 1361 1810 post

226 1811 368 1893 Hecyrae
389 1813 524 1895 primam
546 1815 703 1876 actionem
725 1835 809 1876 enno
833 1817 895 1878 590
916 1815 1051 1877 relatam
1074 1813 1114 1876 ad
1145 1833 1277 1894 eamque
1307 1832 1360 1876 re-

225 1897 358 1980 petitam
389 1898 543 1960 nationem
571 1917 642 1961 enm
673 1899 728 1979 qui
756 1904 861 1962 exstat
886 1900 1051 1982 prologum
1082 1898 1233 1979 scriptum
1262 1917 1359 1974 essse,

225 1983 283 2045 hoe
306 1981 444 2046 dubitari
465 1987 578 2065 potest.
623 1981 704 2045 Nam
726 2003 821 2064 quam
843 1985 958 2047 summi
980 1983 1131 2046 momenti
1159 1979 1253 2044 affert
1284 2002 1359 2044 cau-

225 2087 311 2146 sam,
348 2066 430 2130 unde
452 2066 590 2131 Terentii
620 2067 819 2132 adversarius
848 2075 914 2131 tam
943 2075 1126 2132 accuratam
1154 2066 1280 2130 fabulae
1303 2087 1359 2130 no·

224 2152 327 2214 titiam
361 2151 420 2215 sibi
453 2158 652 2234 compararet
684 2159 720 2214 ut
753 2172 900 2217 accusare
929 2174 1001 2216 eum
1031 2157 1138 2236 posset
1166 2172 1204 2214 ex
1234 2150 1359 2215 duabus

224 2236 351 2301 Graecis
367 2235 508 2300 fabulam
523 2255 590 2299 esse
606 2239 820 2319 compositam,
844 2238 903 2300 nisi
927 2259 964 2302 eo
986 2239 1069 2320 quod
1093 2239 1156 2300 iam
1180 2243 1253 2300 acta
1275 2242 1360 2300 esset

226 2321 363 2398 Andria,
401 2320 479 2384 haee
512 2341 574 2384 non
608 2321 686 2384 satis
715 2321 806 2385 firma
832 2332 966 2406 rataque
994 2323 1119 2386 videtur
1148 2343 1223 2386 esse.
1275 2321 1360 2384 Nam

226 2406 349 2471 etiamsi
367 2405 573 2469 Westerhovii
596 2409 794 2484 sententiam,
818 2414 892 2472 ante
909 2407 1060 2471 Andriam
1077 2407 1258 2470 Terentium
1274 2427 1360 2470 com-

225 2494 331 2574 plures
352 2489 477 2553 iabulas
499 2490 659 2575 scripsisse
682 2491 793 2576 hisque
815 2513 885 2557 cum
908 2493 1115 2556 intellexisset
1130 2493 1262 2556 Luscius
1283 2512 1360 2555 con-

225 2575 377 2639 taminari
406 2575 543 2653 fabulas,
577 2577 700 2640 crimini
731 2576 791 2640 hoe
818 2599 943 2643 versum
967 2579 1006 2640 ab
1029 2598 1066 2640 eo
1089 2583 1122 2640 et
1142 2583 1255 2640 contra
1276 2577 1360 2640 eius-

226 2660 311 2724 modi
340 2660 473 2724 crimina
494 2659 676 2724 Terentium
706 2682 738 2725 se
768 2661 951 2741 defendere,
989 2662 1124 2745 probare
1141 2663 1359 2740 noluerimus,

226 2752 332 2809 tamen
348 2743 485 2807 Terentii
509 2751 620 2809 eontra
635 2745 781 2809 Luscium
805 2747 944 2811 defensio
966 2750 1074 2810 statim
1095 2747 1127 2810 in
1149 2748 1271 2830 primae
1293 2749 1359 2812 An-

226 2830 313 2894 driae
334 2830 467 2892 actionis
489 2831 618 2912 prologo
640 2831 726 2894 facta
747 2833 823 2894 satis
848 2833 987 2915 expediri
1011 2832 1087 2895 mihi
1108 2833 1233 2897 videtur
1254 2833 1300 2895 ita
1322 2839 1360 2895 ut

226 2915 373 2982 Luscium
389 2934 493 2997 quam
514 2915 680 2980 Terentius
702 2923 831 2980 acturus
854 2925 936 2982 esset
959 2916 1098 2982 fabulam
1122 2937 1192 2979 cum
1214 2918 1278 2980 iam
1301 2937 1359 2980 an·

225 3006 279 3065 tea
300 2999 504 3082 cognovisset,
526 3000 659 3064 fortasse
682 3000 762 3064 adeo
783 3003 970 3084 inspexisset
992 3009 1088 3084 atque
1110 3004 1358 3065 contaminatam

227 3104 296 3148 eam
315 3083 531 3160 intellexisset,
554 3106 611 3168 per
630 3091 732 3147 totum
754 3087 905 3168 populum
928 3095 960 3151 et
981 3087 1082 3170 ipsum
1106 3096 1138 3148 et
1159 3088 1277 3151 amicos
1299 3086 1359 3149 hoc

227 3171 344 3233 crimen
359 3169 461 3232 inesse
476 3189 574 3236 novae
588 3169 715 3233 fabulae
730 3171 941 3254 pervulgasse‚
964 3171 1144 3235 Terentium
1169 3172 1236 3248 hoc,
1259 3191 1357 3254 quum

226 3255 390 3330 sensisset,
422 3253 566 3318 sibinen
589 3253 816 3338 neglegendum
838 3257 902 3320 iam
925 3257 957 3321 in
980 3259 1082 3342 prima
1104 3257 1228 3319 actione
1251 3262 1357 3319 ratum

226 3359 292 3402 esse
315 3359 506 3402 censeamus.
552 3339 698 3402 Luscium
721 3342 804 3404 enim
827 3362 897 3404 oum
920 3363 1035 3406 novum
1057 3341 1214 3405 exstitisse
1237 3340 1359 3404 fabula-

226 3443 296 3486 rum
319 3430 445 3506 poetam
467 3423 652 3505 popularem
675 3427 810 3504 gratiam
833 3426 891 3490 sibi
913 3433 1154 3509 praerepturum
1176 3426 1357 3503 audivisset,

227 3529 335 3572 omnes
357 3529 471 3572 nervos
491 3509 662 3571 intendisse
685 3519 721 3570 ut
743 3510 816 3587 iam,
839 3519 1009 3593 antequam
1032 3513 1134 3593 prima
1156 3513 1223 3574 eius
1245 3519 1357 3594 poetae

227 3602 373 3676 ageretur
395 3592 518 3670 fabula,
552 3599 679 3657 noceret
700 3595 727 3656 ei
750 3615 884 3678 eumque
906 3598 991 3658 omni
1013 3595 1106 3660 modo
1127 3597 1357 3660 calumniatum

228 3697 295 3741 esse
317 3678 387 3760 quis
410 3684 457 3742 est
478 3679 554 3760 quin
576 3680 700 3743 sentiat.

311 3761 373 3826 Sed
394 3761 489 3826 redeo
512 3762 553 3825 ad
575 3763 608 3826 id
630 3764 712 3845 quod
737 3766 930 3848 propositum
954 3771 1010 3830 est.
1045 3765 1153 3849 Neque
1166 3765 1357 3830 Ritsehelius

228 3867 329 3930 neque
353 3847 566 3922 Hermannus,
597 3853 703 3913 utrum
726 3851 793 3934 ipse
815 3849 981 3918 Terentius
1003 3851 1164 3933 scripserit
1185 3851 1269 3914 hunc
1292 3852 1356 3914 exi·

228 3940 295 3994 tum
319 3951 359 3995 an
382 3929 463 3995 alins
484 3940 594 4016 poeta,
627 3935 721 3998 certis
750 3933 853 3999 verbis
875 3935 1127 4008 diiudicaverunt
1148 3941 1245 4018 atque
1267 3937 1354 4015 adeo,

300 4119 319 4186 1)
354 4119 426 4172 liber
443 4121 556 4174 miscell.
590 4123 675 4176 Bonn.
695 4123 794 4192 (1864),
812 4141 839 4192 p.
857 4085 900 4178 aa.
