2900 4658
667 263 706 326 31

107 446 212 510 verba
233 446 391 528 pertinere
413 465 529 528 paucos
552 445 718 510 Menandri
741 465 864 524 versus,
887 467 966 530 quos
988 445 1083 512 affert
1106 445 1249 510 Meineke

108 532 261 614 fragmm.
308 531 349 594 lV
373 551 403 640 p.
430 534 504 597 123:

366 637 436 680 ειτα
458 616 492 678 ci
511 610 658 700 ποιήσως
688 611 732 700 μὴ
755 611 934 700 προσέλθω
953 613 1035 702 μηδὲ
1056 619 1111 679 vir

316 695 415 786 αὐτῆς
436 695 596 786 καλούσης
603 727 614 781 ,·

109 791 167 852 et:

246 945 248 952 ,
373 867 417 956 μὴ
438 863 595 972 daupeinai
615 864 706 970 etii,
718 861 881 970 mppgdyeo
901 874 948 975 cp*
970 866 1137 954 πράγματι

312 961 471 1037 χειμῶνας
492 950 632 1038 ceipene,
653 973 729 1028 τους
750 951 769 1016 ὁ
799 974 991 1036 evomamus
1012 955 1099 1041 φέρε.

109 1043 179 1110 iam
204 1041 369 1105 adnotavit
390 1041 517 1122 Beufey.
563 1038 683 1102 Deinde
701 1037 856 1102 Phaedria
878 1061 933 1104 rus
955 1041 1030 1105 abit.
1066 1042 1133 1105 lam
1151 1042 1253 1106 Chae·

109 1149 173 1190 rea
202 1127 302 1190 irater
329 1128 395 1190 eius
419 1124 604 1208 Pamphilae
634 1143 728 1204 quam
759 1122 841 1186 forte
871 1131 1041 1209 aspexerat
1069 1146 1176 1191 amore
1198 1129 1250 1192 in-

110 1231 230 1276 census
252 1211 394 1286 advenit,
429 1231 448 1274 a
475 1231 564 1274 servo
592 1209 673 1292 petit
699 1214 735 1269 ut
761 1227 794 1270 se
817 1208 849 1271 in
872 1231 911 1273 ea
932 1211 1089 1294 potiunda
1110 1213 1251 1290 adiuvet,

110 1297 283 1360 consilium
307 1295 513 1360 Parmenonis
534 1302 571 1358 ut
593 1300 678 1356 veste
700 1291 835 1355 eunuchi
858 1301 968 1358 utatur
990 1296 1151 1361 suadentis
1177 1319 1249 1381 pre·

110 1383 181 1456 bat
205 1390 329 1444 mutata
350 1388 434 1444 veste
457 1381 496 1444 ad
513 1378 665 1444 Thaidem
688 1377 824 1440 ducitur.
869 1379 978 1444 Prodit
994 1380 1143 1446 Chremes
1160 1383 1250 1447 Pam·

109 1467 224 1551 philae
245 1464 344 1528 frater
365 1465 579 1547 Thaidemque
601 1464 754 1526 convenit.
800 1461 929 1528 luterim
947 1463 1087 1530 Chaerea
1110 1467 1252 1532 facinore
1311 1529 1314 1533 .

109 1551 258 1635 perlecto
280 1551 372 1616 domo
395 1552 475 1625 exit,
506 1549 582 1632 quid
604 1547 835 1631 perpetraverit
855 1555 982 1624 narrat,
1013 1551 1089 1614 abit.
1140 1551 1250 1616 Paullo

111 1644 190 1720 post
204 1636 287 1700 redit
303 1634 468 1713 Phaedria,
492 1655 511 1698 a
533 1633 647 1715 Pythia
669 1632 708 1697 de
731 1633 842 1696 vitiata
864 1635 984 1716 virgine
1005 1636 1123 1700 certior
1142 1636 1188 1714 fit,
1210 1637 1252 1702 ab

111 1721 262 1786 eunucho
284 1721 433 1785 edocetur
455 1721 583 1782 fratrem
607 1717 731 1782 facinus
753 1727 961 1800 perpetrasse.
1007 1721 1094 1797 Quae
1116 1722 1191 1785 dum
1218 1723 1251 1786 in

111 1827 212 1870 scena
234 1813 385 1888 aguntur,
415 1804 510 1869 Thais
532 1804 691 1868 Chremeti
711 1803 869 1886 persuasit
892 1804 1090 1887 Pamphilam
1112 1809 1180 1871 eius
1203 1827 1251 1872 so-

112 1911 219 1954 rorem
236 1911 304 1954 esse
319 1896 352 1954 et
366 1891 481 1967 civem3
505 1897 539 1952 at
561 1888 669 1954 eodem
692 1893 834 1970 tempore
857 1889 1000 1954 vitiatam
1022 1911 1091 1954 eam
1115 1891 1250 1957 aChae·

111 1997 172 2040 rea
194 1976 366 2058 comperit;
389 1974 533 2038 Chaerea
549 1994 691 2038 reversus
713 1992 783 2036 eam
805 1973 837 2036 in
861 1975 1099 2038 matrimonium
1122 1997 1154 2040 se
1177 1976 1252 2042 duc·

113 2069 224 2124 turum
247 2060 406 2143 promittit
427 2060 454 2124 si
476 2061 559 2124 cives
580 2061 631 2124 sit.
675 2057 766 2134 Quod
788 2059 834 2122 ite
855 2079 940 2140 esee,
962 2061 991 2124 ei
1013 2081 1032 2124 a
1055 2063 1178 2126 nutrice
1200 2081 1253 2126 ar·

113 2147 233 2210 cassita
254 2144 465 2229 persuadetur
483 2149 516 2228 ¹).

203 2229 280 2294 Cum
304 2229 424 2294 Thaide
447 2238 480 2292 et
501 2229 623 2292 nutrice
646 2225 788 2292 Chaerea
811 2228 937 2293 domum
960 2230 1061 2295 intrat
1090 2238 1127 2296 ut
1157 2253 1252 2314 spon·

116 2315 199 2378 salia
221 2314 308 2379 fiant.
359 2315 470 2378 Paullo
497 2319 569 2397 post
598 2313 752 2378 Parmeno
780 2333 941 2393 reversus,
973 2336 1044 2380 cum
1074 2337 1113 2380 ex
1137 2317 1251 2399 Pythia

117 2399 292 2463 Chaeream
323 2401 427 2484 puniri
458 2400 568 2463 audiat
596 2404 776 2480 correptum
807 2399 839 2462 iu
870 2397 1025 2480 facinore,
1056 2403 1140 2487 patri
1168 2401 1250 2467 ferte

117 2485 301 2549 advenienti
329 2490 429 2550 totam
460 2505 525 2548 rem
557 2483 672 2566 aperit,
710 2484 764 2566 qui
791 2489 827 2547 ut
851 2481 951 2549 filium
974 2494 1100 2568 repetat
1120 2487 1250 2552 Thaidis

117 2570 247 2634 domum
268 2570 428 2652 ingressus
450 2571 556 2634 omnia
577 2569 695 2650 optime
717 2589 749 2631 se
771 2566 887 2633 habere
902 2569 1067 2651 intellegit,
1091 2572 1251 2637 Chaereae

119 2656 356 2718 matrimonium
379 2657 507 2737 probat,
530 2654 681 2718 Thaidem
705 2652 737 2716 in
760 2651 891 2718 tutelam
915 2656 1037 2738 recipit.

206 2740 292 2804 Haec
321 2741 438 2823 optime
460 2741 544 2804 inter
565 2759 598 2802 se
621 2739 789 2802 coniuncta
810 2746 893 2802 sunt.
938 2741 1118 2805 Inaniorem
1140 2741 1251 2805 latius-

116 2845 181 2908 que
215 2825 422 2907 perscriptam
456 2826 615 2906 putaveris
644 2845 715 2887 eam
749 2817 872 2906 partem
904 2845 968 2908 qna
996 2825 1151 2890 Parmeno
1179 2847 1250 2890 cum

117 2909 278 2974 Phaedria
299 2908 488 2991 colloquitur
510 2909 611 2992 (apud
633 2908 816 2972 Terentium
838 2907 878 2984 11,
904 2911 946 2986 1),
968 2916 1066 2993 atque
1087 2917 1172 2975 recte
1195 2912 1250 2974 ad-

117 3001 245 3058 notasse
265 2993 409 3058 Donatus
431 2993 571 3058 videtur:
594 2995 667 3056 Iam
689 2993 877 3056 amatorium
900 2995 1126 3079 multiloquium
1149 3005 1177 3057 et
1198 3017 1250 3058 oa·

117 3079 289 3165 piloquium
312 3080 445 3142 continet
465 3079 526 3142 istc
547 3079 649 3150 actie‚·
670 3101 744 3154 nom
768 3087 796 3141 et
817 3079 926 3160 repetit
947 3083 1030 3164 quod
1048 3079 1113 3143 iona
1135 3081 1251 3144 dietum

119 3171 165 3228 eet
193 3174 222 3227 et
250 3164 286 3228 id
305 3165 395 3246 facit
422 3164 522 3245 inopie
551 3172 579 3226 et
609 3163 710 3226 odiose
731 3163 835 3226 nimie.
883 3164 944 3228 Sed
966 3165 1149 3230 Terentium
1174 3165 1251 3230 haec

117 3251 166 3314 ita
187 3249 272 3332 apud
294 3249 502 3313 Menandrum
523 3250 680 3314 iuvenisse
702 3269 805 3332 neque
826 3257 950 3313 mutare
971 3251 1107 3314 voluisse
1135 3255 1252 3333 putau-

14 3355 17 3362 ·
119 3337 195 3398 dum
218 3343 275 3397 est.

207 3419 321 3483 Eorum
345 3441 424 3502 quos
439 3419 581 3484 Mainake
598 3417 742 3482 Eunuchi
758 3417 943 3484 Menandrei
965 3440 1032 3485 esse
1052 3419 1137 3482 locos
1158 3417 1252 3484 affert

120 3506 256 3590 primum
294 3493 388 3580 οὗτός
417 3502 487 3570 ἐστι
515 3500 676 3590 γαλεώτης
703 3502 802 3587 γέρων
829 3505 870 3569 ad
894 3505 946 3582 IV,
971 3513 999 3581 4,
1024 3509 1059 3568 21
1092 3505 1253 3586 pertinere

118 3594 183 3656 iam
213 3589 379 3654 adnotavit
401 3590 543 3654 Donatus
564 3591 604 3654 ad
627 3590 658 3654 h.
680 3589 700 3652 l.
746 3587 859 3652 Cetera
881 3590 1017 3672 quaein
1039 3589 1251 3671 compluribus

120 3673 327 3759 scriptoribus
347 3676 562 3752 inveniuntur,
597 3696 693 3758 quum
724 3694 882 3757 perpauca
912 3677 977 3739 sint
1002 3673 1098 3738 verba
1126 3695 1252 3758 prover-

119 3762 227 3842 biique
247 3759 314 3823 loco
337 3761 439 3842 posita
455 3761 636 3837 uideantur,
659 3781 729 3824 cum
752 3766 838 3824 certo
861 3759 998 3843 quodem
1020 3759 1160 3823 Terentii
1182 3758 1250 3821 loco

121 3843 259 3910 conferri
282 3845 333 3908 vix
356 3851 490 3928 oportet.

191 4047 215 4116 ²)
250 4045 309 4098 Hoc
324 4046 431 4098 tentum
450 4041 646 4096 sententiarum
663 4057 742 4108 nexu,
761 4057 815 4112 qua
834 4042 868 4096 de
887 4057 968 4096 eausa
982 4046 1136 4096 arcessatur
1148 4045 1250 4112 nutrix,

121 4121 248 4188 apparet3
265 4132 386 4183 namque
400 4113 536 4168 Chremeti
554 4113 609 4166 iam
628 4128 786 4181 persuasum
804 4117 865 4166 erat
880 4113 964 4182 signis
981 4129 999 4164 a
1016 4112 1123 4170 nutrice
1140 4114 1250 4184 agnitis.
1370 4156 1374 4164 ,
