<?xml version="1.0" encoding="UTF-8"?>
<!DOCTYPE html PUBLIC "-//W3C//DTD XHTML 1.0 Transitional//EN"
    "http://www.w3.org/TR/xhtml1/DTD/xhtml1-transitional.dtd">
<html xmlns="http://www.w3.org/1999/xhtml" xml:lang="en" lang="en">
 <head>
  <title>
</title>
<meta http-equiv="Content-Type" content="text/html;charset=utf-8" />
  <meta name='ocr-system' content='tesseract 3.04.00' />
  <meta name='ocr-capabilities' content='ocr_page ocr_carea ocr_par ocr_line ocrx_word'/>
</head>
<body>
  <div class='ocr_page' id='page_1' title='image "./quaestionestere00braugoog_0027.png"; bbox 0 0 2938 4658; ppageno 0'>
   <div class='ocr_carea' id='block_1_1' title="bbox 765 269 806 328">
    <p class='ocr_par' dir='ltr' id='par_1_1' title="bbox 765 269 806 328">
     <span class='ocr_line' id='line_1_1' title="bbox 765 269 806 328; baseline 0 0"><span class='ocrx_word' id='word_1_1' title='bbox 765 269 806 328; x_wconf 86' lang='lat'>20</span> 
     </span>
    </p>
   </div>
   <div class='ocr_carea' id='block_1_2' title="bbox 131 447 1357 4017">
    <p class='ocr_par' dir='ltr' id='par_1_2' title="bbox 131 447 1355 2654">
     <span class='ocr_line' id='line_1_2' title="bbox 218 447 1353 540; baseline -0.005 -24"><span class='ocrx_word' id='word_1_2' title='bbox 218 453 269 518; x_wconf 87' lang='lat' dir='ltr'>fici</span> <span class='ocrx_word' id='word_1_3' title='bbox 300 452 376 516; x_wconf 90' lang='lat' dir='ltr'>mihi</span> <span class='ocrx_word' id='word_1_4' title='bbox 399 453 523 530; x_wconf 79' lang='lat' dir='ltr'>videtur</span> <span class='ocrx_word' id='word_1_5' title='bbox 544 451 697 540; x_wconf 82' lang='lat' dir='ltr'>eiusmodi</span> <span class='ocrx_word' id='word_1_6' title='bbox 719 471 846 514; x_wconf 86' lang='lat' dir='ltr'>scenam</span> <span class='ocrx_word' id='word_1_7' title='bbox 867 451 907 514; x_wconf 85' lang='lat' dir='ltr'>ad</span> <span class='ocrx_word' id='word_1_8' title='bbox 930 448 1023 514; x_wconf 91' lang='lat' dir='ltr'>finem</span> <span class='ocrx_word' id='word_1_9' title='bbox 1049 451 1144 514; x_wconf 88' lang='lat' dir='ltr'>fuisse</span> <span class='ocrx_word' id='word_1_10' title='bbox 1159 447 1353 525; x_wconf 85' lang='lat' dir='ltr'>Perinthiae‚</span> 
     </span>
     <span class='ocr_line' id='line_1_3' title="bbox 131 531 1353 620; baseline -0.003 -20"><span class='ocrx_word' id='word_1_11' title='bbox 131 557 134 566; x_wconf 91' lang='grc'><strong><em>·</em></strong></span> <span class='ocrx_word' id='word_1_12' title='bbox 219 559 282 620; x_wconf 91' lang='lat' dir='ltr'>qua</span> <span class='ocrx_word' id='word_1_13' title='bbox 313 538 498 601; x_wconf 84' lang='lat' dir='ltr'>Philumena</span> <span class='ocrx_word' id='word_1_14' title='bbox 527 557 607 600; x_wconf 88' lang='lat' dir='ltr'>uxor</span> <span class='ocrx_word' id='word_1_15' title='bbox 637 537 768 600; x_wconf 87' lang='lat' dir='ltr'>daretur</span> <span class='ocrx_word' id='word_1_16' title='bbox 796 535 945 600; x_wconf 78' lang='lat' dir='ltr'>Charino,</span> <span class='ocrx_word' id='word_1_17' title='bbox 1001 537 1143 617; x_wconf 80' lang='lat' dir='ltr'>Eamque</span> <span class='ocrx_word' id='word_1_18' title='bbox 1171 531 1353 596; x_wconf 86' lang='lat' dir='ltr'>Perinthiae</span> 
     </span>
     <span class='ocr_line' id='line_1_4' title="bbox 218 621 1352 704; baseline -0.005 -18"><span class='ocrx_word' id='word_1_19' title='bbox 218 644 344 688; x_wconf 79' lang='lat' dir='ltr'>scenam</span> <span class='ocrx_word' id='word_1_20' title='bbox 373 629 429 686; x_wconf 88' lang='lat' dir='ltr'>aut</span> <span class='ocrx_word' id='word_1_21' title='bbox 457 643 585 704; x_wconf 88' lang='lat' dir='ltr'>prorsus</span> <span class='ocrx_word' id='word_1_22' title='bbox 612 621 813 685; x_wconf 78' lang='lat' dir='ltr'>transtulisse</span> <span class='ocrx_word' id='word_1_23' title='bbox 836 628 892 683; x_wconf 90' lang='lat' dir='ltr'>aut</span> <span class='ocrx_word' id='word_1_24' title='bbox 915 629 998 684; x_wconf 89' lang='lat' dir='ltr'>certe</span> <span class='ocrx_word' id='word_1_25' title='bbox 1021 631 1161 684; x_wconf 89' lang='lat' dir='ltr'>secutum</span> <span class='ocrx_word' id='word_1_26' title='bbox 1178 639 1252 686; x_wconf 82' lang='lat' dir='ltr'>¹esse</span> <span class='ocrx_word' id='word_1_27' title='bbox 1274 629 1352 700; x_wconf 86' lang='lat' dir='ltr'>puto</span> 
     </span>
     <span class='ocr_line' id='line_1_5' title="bbox 219 702 1354 789; baseline -0.007 -18"><span class='ocrx_word' id='word_1_28' title='bbox 219 728 290 770; x_wconf 92' lang='lat' dir='ltr'>eum</span> <span class='ocrx_word' id='word_1_29' title='bbox 320 709 377 789; x_wconf 85' lang='lat' dir='ltr'>qui</span> <span class='ocrx_word' id='word_1_30' title='bbox 403 706 527 771; x_wconf 82' lang='lat' dir='ltr'>addidit</span> <span class='ocrx_word' id='word_1_31' title='bbox 555 707 690 770; x_wconf 90' lang='lat' dir='ltr'>alterum</span> <span class='ocrx_word' id='word_1_32' title='bbox 718 706 837 769; x_wconf 89' lang='lat' dir='ltr'>exitum</span> <span class='ocrx_word' id='word_1_33' title='bbox 863 706 1001 768; x_wconf 85' lang='lat' dir='ltr'>Andriae</span> <span class='ocrx_word' id='word_1_34' title='bbox 1023 704 1172 768; x_wconf 83' lang='lat' dir='ltr'>Terentii.</span> <span class='ocrx_word' id='word_1_35' title='bbox 1214 703 1305 766; x_wconf 91' lang='lat' dir='ltr'>Hanc</span> <span class='ocrx_word' id='word_1_36' title='bbox 1326 702 1354 764; x_wconf 90' lang='lat' dir='ltr'>si</span> 
     </span>
     <span class='ocr_line' id='line_1_6' title="bbox 220 787 1353 874; baseline -0.004 -19"><span class='ocrx_word' id='word_1_37' title='bbox 220 789 582 874; x_wconf 84' lang='lat' dir='ltr'>sequa1·issentcntiam,</span> <span class='ocrx_word' id='word_1_38' title='bbox 605 791 754 873; x_wconf 89' lang='lat' dir='ltr'>expedias</span> <span class='ocrx_word' id='word_1_39' title='bbox 778 791 860 872; x_wconf 90' lang='lat' dir='ltr'>qnod</span> <span class='ocrx_word' id='word_1_40' title='bbox 884 788 1179 853; x_wconf 84' lang='lat' dir='ltr'>affertRitschelius</span> <span class='ocrx_word' id='word_1_41' title='bbox 1195 793 1232 868; x_wconf 85' lang='lat'>¹),</span> <span class='ocrx_word' id='word_1_42' title='bbox 1256 787 1353 851; x_wconf 85' lang='lat' dir='ltr'>Chre-</span> 
     </span>
     <span class='ocr_line' id='line_1_7' title="bbox 220 873 1352 949; baseline -0.006 -9"><span class='ocrx_word' id='word_1_43' title='bbox 220 884 334 940; x_wconf 90' lang='lat' dir='ltr'>metem</span> <span class='ocrx_word' id='word_1_44' title='bbox 357 876 462 940; x_wconf 89' lang='lat' dir='ltr'>dicere</span> <span class='ocrx_word' id='word_1_45' title='bbox 485 879 518 939; x_wconf 90' lang='lat' dir='ltr'>in</span> <span class='ocrx_word' id='word_1_46' title='bbox 541 876 643 940; x_wconf 89' lang='lat' dir='ltr'>altero</span> <span class='ocrx_word' id='word_1_47' title='bbox 666 877 752 939; x_wconf 86' lang='lat' dir='ltr'>exitu</span> <span class='ocrx_word' id='word_1_48' title='bbox 776 897 802 937; x_wconf 91' lang='lat' dir='ltr'>v.</span> <span class='ocrx_word' id='word_1_49' title='bbox 817 880 845 949; x_wconf 81' lang='lat'>5,</span> <span class='ocrx_word' id='word_1_50' title='bbox 869 877 943 938; x_wconf 82' lang='lat' dir='ltr'>Noa</span> <span class='ocrx_word' id='word_1_51' title='bbox 961 897 1070 937; x_wconf 85' lang='lat' dir='ltr'>novem</span> <span class='ocrx_word' id='word_1_52' title='bbox 1093 874 1153 936; x_wconf 83' lang='lat' dir='ltr'>sihi</span> <span class='ocrx_word' id='word_1_53' title='bbox 1174 896 1237 935; x_wconf 78' lang='lat' dir='ltr'>esse</span> <span class='ocrx_word' id='word_1_54' title='bbox 1258 873 1352 934; x_wconf 79' lang='lat' dir='ltr'>istem</span> 
     </span>
     <span class='ocr_line' id='line_1_8' title="bbox 220 955 1355 1036; baseline -0.004 -12"><span class='ocrx_word' id='word_1_55' title='bbox 220 961 434 1034; x_wconf 75' lang='lat' dir='ltr'>conditionem,</span> <span class='ocrx_word' id='word_1_56' title='bbox 460 960 635 1026; x_wconf 84' lang='lat' dir='ltr'>Charinum</span> <span class='ocrx_word' id='word_1_57' title='bbox 659 982 685 1022; x_wconf 83' lang='lat' dir='ltr'>v.</span> <span class='ocrx_word' id='word_1_58' title='bbox 704 965 748 1036; x_wconf 78' lang='lat' dir='ltr'>lo,</span> <span class='ocrx_word' id='word_1_59' title='bbox 773 959 883 1022; x_wconf 81' lang='lat' dir='ltr'>Amice</span> <span class='ocrx_word' id='word_1_60' title='bbox 904 982 936 1022; x_wconf 85' lang='lat' dir='ltr'>se</span> <span class='ocrx_word' id='word_1_61' title='bbox 957 959 1088 1022; x_wconf 77' lang='lat' dir='ltr'>antehae</span> <span class='ocrx_word' id='word_1_62' title='bbox 1109 981 1172 1022; x_wconf 81' lang='lat' dir='ltr'>esse</span> <span class='ocrx_word' id='word_1_63' title='bbox 1198 955 1355 1020; x_wconf 74' lang='lat' dir='ltr'>Chremeti</span> 
     </span>
     <span class='ocr_line' id='line_1_9' title="bbox 219 1043 1353 1128; baseline -0.004 -19"><span class='ocrx_word' id='word_1_64' title='bbox 219 1045 359 1110; x_wconf 75' lang='lat' dir='ltr'>habitem</span> <span class='ocrx_word' id='word_1_65' title='bbox 390 1045 567 1128; x_wconf 86' lang='lat' dir='ltr'>(Ritschelii</span> <span class='ocrx_word' id='word_1_66' title='bbox 594 1045 845 1110; x_wconf 86' lang='lat' dir='ltr'>emendationem</span> <span class='ocrx_word' id='word_1_67' title='bbox 878 1047 1053 1127; x_wconf 80' lang='lat' dir='ltr'>sequimur)</span> <span class='ocrx_word' id='word_1_68' title='bbox 1083 1052 1117 1107; x_wconf 89' lang='lat' dir='ltr'>et</span> <span class='ocrx_word' id='word_1_69' title='bbox 1143 1043 1353 1119; x_wconf 85' lang='lat' dir='ltr'>Chremetem,</span> 
     </span>
     <span class='ocr_line' id='line_1_10' title="bbox 219 1128 1355 1210; baseline -0.004 -18"><span class='ocrx_word' id='word_1_70' title='bbox 219 1131 355 1193; x_wconf 77' lang='lat' dir='ltr'>Etiamsi</span> <span class='ocrx_word' id='word_1_71' title='bbox 382 1131 517 1193; x_wconf 75' lang='lat' dir='ltr'>alienam</span> <span class='ocrx_word' id='word_1_72' title='bbox 547 1152 579 1194; x_wconf 85' lang='lat' dir='ltr'>se</span> <span class='ocrx_word' id='word_1_73' title='bbox 607 1153 626 1192; x_wconf 89' lang='lat' dir='ltr'>a</span> <span class='ocrx_word' id='word_1_74' title='bbox 654 1129 789 1192; x_wconf 79' lang='lat' dir='ltr'>Charino</span> <span class='ocrx_word' id='word_1_75' title='bbox 819 1139 921 1192; x_wconf 80' lang='lat' dir='ltr'>temen</span> <span class='ocrx_word' id='word_1_76' title='bbox 943 1130 1051 1210; x_wconf 67' lang='lat' dir='ltr'>moeni</span> <span class='ocrx_word' id='word_1_77' title='bbox 1070 1149 1189 1210; x_wconf 79' lang='lat' dir='ltr'>semper</span> <span class='ocrx_word' id='word_1_78' title='bbox 1212 1149 1282 1190; x_wconf 82' lang='lat' dir='ltr'>eam</span> <span class='ocrx_word' id='word_1_79' title='bbox 1295 1128 1355 1210; x_wconf 90' lang='lat' dir='ltr'>fe-</span> 
     </span>
     <span class='ocr_line' id='line_1_11' title="bbox 219 1213 1354 1296; baseline -0.003 -18"><span class='ocrx_word' id='word_1_80' title='bbox 219 1215 304 1278; x_wconf 79' lang='lat' dir='ltr'>cisse.</span> <span class='ocrx_word' id='word_1_81' title='bbox 341 1215 480 1294; x_wconf 81' lang='lat' dir='ltr'>Quarum</span> <span class='ocrx_word' id='word_1_82' title='bbox 504 1235 607 1279; x_wconf 89' lang='lat' dir='ltr'>rerum</span> <span class='ocrx_word' id='word_1_83' title='bbox 633 1216 772 1278; x_wconf 91' lang='lat' dir='ltr'>omnium</span> <span class='ocrx_word' id='word_1_84' title='bbox 797 1215 828 1278; x_wconf 90' lang='lat' dir='ltr'>in</span> <span class='ocrx_word' id='word_1_85' title='bbox 852 1217 921 1296; x_wconf 89' lang='lat' dir='ltr'>ipsa</span> <span class='ocrx_word' id='word_1_86' title='bbox 943 1213 1050 1278; x_wconf 88' lang='lat' dir='ltr'>sabula</span> <span class='ocrx_word' id='word_1_87' title='bbox 1072 1213 1194 1276; x_wconf 90' lang='lat' dir='ltr'>nullum</span> <span class='ocrx_word' id='word_1_88' title='bbox 1215 1233 1284 1276; x_wconf 90' lang='lat' dir='ltr'>esse</span> <span class='ocrx_word' id='word_1_89' title='bbox 1303 1233 1354 1275; x_wconf 86' lang='lat' dir='ltr'>ve-</span> 
     </span>
     <span class='ocr_line' id='line_1_12' title="bbox 219 1297 1354 1383; baseline -0.002 -21"><span class='ocrx_word' id='word_1_90' title='bbox 219 1301 347 1383; x_wconf 82' lang='lat' dir='ltr'>stigium</span> <span class='ocrx_word' id='word_1_91' title='bbox 369 1300 543 1364; x_wconf 86' lang='lat' dir='ltr'>rectissime</span> <span class='ocrx_word' id='word_1_92' title='bbox 566 1307 673 1363; x_wconf 88' lang='lat' dir='ltr'>monet</span> <span class='ocrx_word' id='word_1_93' title='bbox 694 1299 901 1376; x_wconf 88' lang='lat' dir='ltr'>Ritschelius;</span> <span class='ocrx_word' id='word_1_94' title='bbox 941 1299 994 1362; x_wconf 87' lang='lat' dir='ltr'>sed</span> <span class='ocrx_word' id='word_1_95' title='bbox 1017 1300 1148 1362; x_wconf 72' lang='lat' dir='ltr'>infuisse</span> <span class='ocrx_word' id='word_1_96' title='bbox 1172 1319 1210 1361; x_wconf 88' lang='lat' dir='ltr'>ea</span> <span class='ocrx_word' id='word_1_97' title='bbox 1232 1299 1264 1360; x_wconf 92' lang='lat' dir='ltr'>in</span> <span class='ocrx_word' id='word_1_98' title='bbox 1288 1297 1354 1360; x_wconf 88' lang='lat' dir='ltr'>Me-</span> 
     </span>
     <span class='ocr_line' id='line_1_13' title="bbox 219 1381 1354 1467; baseline -0.002 -19"><span class='ocrx_word' id='word_1_99' title='bbox 219 1385 333 1450; x_wconf 89' lang='lat' dir='ltr'>nandri</span> <span class='ocrx_word' id='word_1_100' title='bbox 358 1385 520 1448; x_wconf 87' lang='lat' dir='ltr'>Perinthia</span> <span class='ocrx_word' id='word_1_101' title='bbox 549 1391 682 1467; x_wconf 88' lang='lat' dir='ltr'>apparet</span> <span class='ocrx_word' id='word_1_102' title='bbox 711 1386 741 1447; x_wconf 89' lang='lat' dir='ltr'>in</span> <span class='ocrx_word' id='word_1_103' title='bbox 773 1405 872 1465; x_wconf 87' lang='lat' dir='ltr'>eaque</span> <span class='ocrx_word' id='word_1_104' title='bbox 902 1385 997 1452; x_wconf 87' lang='lat' dir='ltr'>etiam</span> <span class='ocrx_word' id='word_1_105' title='bbox 1027 1382 1201 1446; x_wconf 86' lang='lat' dir='ltr'>Charinum</span> <span class='ocrx_word' id='word_1_106' title='bbox 1231 1381 1354 1464; x_wconf 88' lang='lat' dir='ltr'>aliquid</span> 
     </span>
     <span class='ocr_line' id='line_1_14' title="bbox 219 1467 1353 1551; baseline -0.002 -17"><span class='ocrx_word' id='word_1_107' title='bbox 219 1477 304 1534; x_wconf 90' lang='lat' dir='ltr'>certe</span> <span class='ocrx_word' id='word_1_108' title='bbox 335 1469 376 1534; x_wconf 92' lang='lat' dir='ltr'>ad</span> <span class='ocrx_word' id='word_1_109' title='bbox 405 1477 626 1549; x_wconf 77' lang='lat' dir='ltr'>argumentum</span> <span class='ocrx_word' id='word_1_110' title='bbox 655 1469 827 1551; x_wconf 87' lang='lat' dir='ltr'>pertinere.</span> <span class='ocrx_word' id='word_1_111' title='bbox 843 1476 876 1533; x_wconf 91' lang='lat' dir='ltr'>et</span> <span class='ocrx_word' id='word_1_112' title='bbox 899 1467 1097 1533; x_wconf 86' lang='lat' dir='ltr'>Chremetem</span> <span class='ocrx_word' id='word_1_113' title='bbox 1124 1468 1191 1532; x_wconf 87' lang='lat' dir='ltr'>eius</span> <span class='ocrx_word' id='word_1_114' title='bbox 1213 1489 1353 1532; x_wconf 90' lang='lat' dir='ltr'>amorem</span> 
     </span>
     <span class='ocr_line' id='line_1_15' title="bbox 219 1551 1354 1637; baseline -0.003 -20"><span class='ocrx_word' id='word_1_115' title='bbox 219 1554 341 1618; x_wconf 87' lang='lat' dir='ltr'>novisse</span> <span class='ocrx_word' id='word_1_116' title='bbox 368 1563 462 1637; x_wconf 87' lang='lat' dir='ltr'>puto:</span> <span class='ocrx_word' id='word_1_117' title='bbox 500 1553 683 1618; x_wconf 89' lang='lat' dir='ltr'>Terentium</span> <span class='ocrx_word' id='word_1_118' title='bbox 711 1553 869 1636; x_wconf 88' lang='lat' dir='ltr'>permulta</span> <span class='ocrx_word' id='word_1_119' title='bbox 898 1574 1006 1618; x_wconf 89' lang='lat' dir='ltr'>eorum</span> <span class='ocrx_word' id='word_1_120' title='bbox 1029 1574 1111 1636; x_wconf 88' lang='lat' dir='ltr'>quae</span> <span class='ocrx_word' id='word_1_121' title='bbox 1134 1556 1165 1618; x_wconf 89' lang='lat' dir='ltr'>in</span> <span class='ocrx_word' id='word_1_122' title='bbox 1190 1551 1354 1616; x_wconf 86' lang='lat' dir='ltr'>Perinthia</span> 
     </span>
     <span class='ocr_line' id='line_1_16' title="bbox 220 1637 1353 1721; baseline -0.003 -18"><span class='ocrx_word' id='word_1_123' title='bbox 220 1648 313 1704; x_wconf 89' lang='lat' dir='ltr'>erant</span> <span class='ocrx_word' id='word_1_124' title='bbox 333 1639 508 1720; x_wconf 81' lang='lat' dir='ltr'>neglexisse</span> <span class='ocrx_word' id='word_1_125' title='bbox 531 1646 627 1721; x_wconf 90' lang='lat' dir='ltr'>atque</span> <span class='ocrx_word' id='word_1_126' title='bbox 649 1638 728 1702; x_wconf 90' lang='lat' dir='ltr'>adeo</span> <span class='ocrx_word' id='word_1_127' title='bbox 751 1639 883 1702; x_wconf 89' lang='lat' dir='ltr'>alterius</span> <span class='ocrx_word' id='word_1_128' title='bbox 903 1637 1034 1702; x_wconf 85' lang='lat' dir='ltr'>Charini</span> <span class='ocrx_word' id='word_1_129' title='bbox 1057 1639 1174 1702; x_wconf 89' lang='lat' dir='ltr'>amoris</span> <span class='ocrx_word' id='word_1_130' title='bbox 1196 1645 1353 1719; x_wconf 88' lang='lat' dir='ltr'>quantum</span> 
     </span>
     <span class='ocr_line' id='line_1_17' title="bbox 220 1722 1353 1807; baseline -0.001 -20"><span class='ocrx_word' id='word_1_131' title='bbox 220 1723 262 1788; x_wconf 89' lang='lat' dir='ltr'>ad</span> <span class='ocrx_word' id='word_1_132' title='bbox 285 1725 388 1807; x_wconf 90' lang='lat' dir='ltr'>ipsum</span> <span class='ocrx_word' id='word_1_133' title='bbox 411 1725 588 1805; x_wconf 84' lang='lat' dir='ltr'>argumenti</span> <span class='ocrx_word' id='word_1_134' title='bbox 610 1723 705 1787; x_wconf 89' lang='lat' dir='ltr'>finem</span> <span class='ocrx_word' id='word_1_135' title='bbox 728 1724 907 1806; x_wconf 86' lang='lat' dir='ltr'>pertinebat</span> <span class='ocrx_word' id='word_1_136' title='bbox 928 1722 982 1807; x_wconf 87' lang='lat' dir='ltr'>(ad</span> <span class='ocrx_word' id='word_1_137' title='bbox 1006 1723 1094 1787; x_wconf 90' lang='lat' dir='ltr'>dolos</span> <span class='ocrx_word' id='word_1_138' title='bbox 1117 1723 1196 1786; x_wconf 88' lang='lat' dir='ltr'>servi</span> <span class='ocrx_word' id='word_1_139' title='bbox 1225 1723 1353 1786; x_wconf 90' lang='lat' dir='ltr'>omnino</span> 
     </span>
     <span class='ocr_line' id='line_1_18' title="bbox 220 1806 1353 1891; baseline -0.001 -19"><span class='ocrx_word' id='word_1_140' title='bbox 220 1828 281 1872; x_wconf 93' lang='lat' dir='ltr'>non</span> <span class='ocrx_word' id='word_1_141' title='bbox 304 1806 495 1891; x_wconf 82' lang='lat' dir='ltr'>pertinebat)</span> <span class='ocrx_word' id='word_1_142' title='bbox 519 1809 659 1872; x_wconf 89' lang='lat' dir='ltr'>omisisse</span> <span class='ocrx_word' id='word_1_143' title='bbox 681 1809 857 1890; x_wconf 89' lang='lat' dir='ltr'>putandum</span> <span class='ocrx_word' id='word_1_144' title='bbox 879 1815 936 1872; x_wconf 87' lang='lat' dir='ltr'>est.</span> <span class='ocrx_word' id='word_1_145' title='bbox 989 1808 1097 1890; x_wconf 91' lang='lat' dir='ltr'>Neque</span> <span class='ocrx_word' id='word_1_146' title='bbox 1128 1807 1186 1871; x_wconf 92' lang='lat' dir='ltr'>hoc</span> <span class='ocrx_word' id='word_1_147' title='bbox 1219 1809 1248 1870; x_wconf 88' lang='lat' dir='ltr'>ei</span> <span class='ocrx_word' id='word_1_148' title='bbox 1276 1809 1353 1871; x_wconf 89' lang='lat' dir='ltr'>vitio</span> 
     </span>
     <span class='ocr_line' id='line_1_19' title="bbox 221 1891 1353 1977; baseline -0.001 -21"><span class='ocrx_word' id='word_1_149' title='bbox 221 1893 419 1969; x_wconf 79' lang='lat' dir='ltr'>vertendum,</span> <span class='ocrx_word' id='word_1_150' title='bbox 452 1895 602 1977; x_wconf 90' lang='lat' dir='ltr'>quoniam</span> <span class='ocrx_word' id='word_1_151' title='bbox 633 1895 664 1956; x_wconf 92' lang='lat' dir='ltr'>in</span> <span class='ocrx_word' id='word_1_152' title='bbox 695 1913 752 1956; x_wconf 89' lang='lat' dir='ltr'>sua</span> <span class='ocrx_word' id='word_1_153' title='bbox 774 1893 883 1958; x_wconf 87' lang='lat' dir='ltr'>fabula</span> <span class='ocrx_word' id='word_1_154' title='bbox 906 1893 1036 1958; x_wconf 89' lang='lat' dir='ltr'>Charini</span> <span class='ocrx_word' id='word_1_155' title='bbox 1059 1913 1166 1956; x_wconf 90' lang='lat' dir='ltr'>amore</span> <span class='ocrx_word' id='word_1_156' title='bbox 1188 1892 1297 1956; x_wconf 86' lang='lat' dir='ltr'>addito</span> <span class='ocrx_word' id='word_1_157' title='bbox 1318 1891 1353 1955; x_wconf 93' lang='lat' dir='ltr'>id</span> 
     </span>
     <span class='ocr_line' id='line_1_20' title="bbox 218 1977 1353 2062; baseline -0.001 -21"><span class='ocrx_word' id='word_1_158' title='bbox 218 1985 344 2041; x_wconf 89' lang='lat' dir='ltr'>tantum</span> <span class='ocrx_word' id='word_1_159' title='bbox 364 1979 431 2059; x_wconf 82' lang='lat' dir='ltr'>agit</span> <span class='ocrx_word' id='word_1_160' title='bbox 453 1986 488 2041; x_wconf 93' lang='lat' dir='ltr'>ut</span> <span class='ocrx_word' id='word_1_161' title='bbox 509 1979 580 2061; x_wconf 91' lang='lat' dir='ltr'>plns</span> <span class='ocrx_word' id='word_1_162' title='bbox 601 1977 697 2042; x_wconf 87' lang='lat' dir='ltr'>detur</span> <span class='ocrx_word' id='word_1_163' title='bbox 717 1981 834 2062; x_wconf 89' lang='lat' dir='ltr'>populo</span> <span class='ocrx_word' id='word_1_164' title='bbox 857 1979 1081 2061; x_wconf 88' lang='lat' dir='ltr'>spectandum,</span> <span class='ocrx_word' id='word_1_165' title='bbox 1102 1986 1198 2059; x_wconf 86' lang='lat' dir='ltr'>atque</span> <span class='ocrx_word' id='word_1_166' title='bbox 1219 1978 1280 2040; x_wconf 90' lang='lat' dir='ltr'>nisi</span> <span class='ocrx_word' id='word_1_167' title='bbox 1302 1998 1353 2040; x_wconf 88' lang='lat' dir='ltr'>ve·</span> 
     </span>
     <span class='ocr_line' id='line_1_21' title="bbox 219 2063 1354 2147; baseline 0 -21"><span class='ocrx_word' id='word_1_168' title='bbox 219 2064 300 2128; x_wconf 89' lang='lat' dir='ltr'>ritus</span> <span class='ocrx_word' id='word_1_169' title='bbox 321 2070 411 2139; x_wconf 86' lang='lat' dir='ltr'>esset,</span> <span class='ocrx_word' id='word_1_170' title='bbox 445 2083 485 2126; x_wconf 91' lang='lat' dir='ltr'>ne</span> <span class='ocrx_word' id='word_1_171' title='bbox 506 2064 607 2144; x_wconf 83' lang='lat' dir='ltr'>magis</span> <span class='ocrx_word' id='word_1_172' title='bbox 630 2063 712 2126; x_wconf 90' lang='lat' dir='ltr'>iusto</span> <span class='ocrx_word' id='word_1_173' title='bbox 735 2065 867 2147; x_wconf 87' lang='lat' dir='ltr'>simplex</span> <span class='ocrx_word' id='word_1_174' title='bbox 891 2071 973 2126; x_wconf 89' lang='lat' dir='ltr'>esset</span> <span class='ocrx_word' id='word_1_175' title='bbox 994 2065 1088 2137; x_wconf 77' lang='lat' dir='ltr'>actio,</span> <span class='ocrx_word' id='word_1_176' title='bbox 1110 2084 1238 2144; x_wconf 87' lang='lat' dir='ltr'>prorsus</span> <span class='ocrx_word' id='word_1_177' title='bbox 1261 2063 1354 2126; x_wconf 84' lang='lat' dir='ltr'>omit-</span> 
     </span>
     <span class='ocr_line' id='line_1_22' title="bbox 220 2147 1354 2231; baseline -0.001 -20"><span class='ocrx_word' id='word_1_178' title='bbox 220 2155 286 2212; x_wconf 90' lang='lat' dir='ltr'>tere</span> <span class='ocrx_word' id='word_1_179' title='bbox 309 2149 413 2230; x_wconf 89' lang='lat' dir='ltr'>potuit</span> <span class='ocrx_word' id='word_1_180' title='bbox 432 2147 564 2211; x_wconf 90' lang='lat' dir='ltr'>Charini</span> <span class='ocrx_word' id='word_1_181' title='bbox 584 2168 703 2210; x_wconf 89' lang='lat' dir='ltr'>scenas.</span> <span class='ocrx_word' id='word_1_182' title='bbox 747 2147 856 2230; x_wconf 89' lang='lat' dir='ltr'>Neque</span> <span class='ocrx_word' id='word_1_183' title='bbox 879 2168 951 2210; x_wconf 91' lang='lat' dir='ltr'>vero</span> <span class='ocrx_word' id='word_1_184' title='bbox 975 2150 1001 2212; x_wconf 92' lang='lat' dir='ltr'>is</span> <span class='ocrx_word' id='word_1_185' title='bbox 1023 2149 1078 2231; x_wconf 93' lang='lat' dir='ltr'>qui</span> <span class='ocrx_word' id='word_1_186' title='bbox 1100 2148 1235 2212; x_wconf 89' lang='lat' dir='ltr'>alterum</span> <span class='ocrx_word' id='word_1_187' title='bbox 1256 2149 1354 2229; x_wconf 89' lang='lat' dir='ltr'>scrip-</span> 
     </span>
     <span class='ocr_line' id='line_1_23' title="bbox 221 2227 1355 2314; baseline -0.002 -17"><span class='ocrx_word' id='word_1_188' title='bbox 221 2234 263 2297; x_wconf 89' lang='lat' dir='ltr'>sit</span> <span class='ocrx_word' id='word_1_189' title='bbox 291 2233 424 2308; x_wconf 79' lang='lat' dir='ltr'>exitum,</span> <span class='ocrx_word' id='word_1_190' title='bbox 456 2253 527 2295; x_wconf 92' lang='lat' dir='ltr'>cum</span> <span class='ocrx_word' id='word_1_191' title='bbox 557 2233 661 2296; x_wconf 87' lang='lat' dir='ltr'>minus&#39;</span> <span class='ocrx_word' id='word_1_192' title='bbox 687 2227 808 2314; x_wconf 79' lang='lat' dir='ltr'>peritus</span> <span class='ocrx_word' id='word_1_193' title='bbox 830 2235 927 2297; x_wconf 85' lang='lat' dir='ltr'>totius</span> <span class='ocrx_word' id='word_1_194' title='bbox 949 2232 1075 2296; x_wconf 83' lang='lat' dir='ltr'>fabulae</span> <span class='ocrx_word' id='word_1_195' title='bbox 1098 2234 1274 2314; x_wconf 83' lang='lat' dir='ltr'>argumenti</span> <span class='ocrx_word' id='word_1_196' title='bbox 1297 2234 1355 2295; x_wconf 93' lang='lat' dir='ltr'>mi·</span> 
     </span>
     <span class='ocr_line' id='line_1_24' title="bbox 220 2317 1355 2401; baseline -0.002 -19"><span class='ocrx_word' id='word_1_197' title='bbox 220 2339 340 2400; x_wconf 88' lang='lat' dir='ltr'>nusque</span> <span class='ocrx_word' id='word_1_198' title='bbox 363 2317 474 2381; x_wconf 90' lang='lat' dir='ltr'>doctus</span> <span class='ocrx_word' id='word_1_199' title='bbox 495 2323 591 2392; x_wconf 79' lang='lat' dir='ltr'>esset,</span> <span class='ocrx_word' id='word_1_200' title='bbox 625 2317 783 2382; x_wconf 88' lang='lat' dir='ltr'>intellexit</span> <span class='ocrx_word' id='word_1_201' title='bbox 804 2317 1049 2401; x_wconf 88' lang='lat' dir='ltr'>permultorum,</span> <span class='ocrx_word' id='word_1_202' title='bbox 1083 2319 1220 2400; x_wconf 90' lang='lat' dir='ltr'>quaein</span> <span class='ocrx_word' id='word_1_203' title='bbox 1243 2318 1355 2382; x_wconf 90' lang='lat' dir='ltr'>Periu-</span> 
     </span>
     <span class='ocr_line' id='line_1_25' title="bbox 221 2401 1355 2484; baseline 0.001 -19"><span class='ocrx_word' id='word_1_204' title='bbox 221 2402 307 2466; x_wconf 89' lang='lat' dir='ltr'>thiae</span> <span class='ocrx_word' id='word_1_205' title='bbox 329 2401 416 2466; x_wconf 90' lang='lat' dir='ltr'>exitu</span> <span class='ocrx_word' id='word_1_206' title='bbox 439 2407 539 2474; x_wconf 81' lang='lat' dir='ltr'>erant,</span> <span class='ocrx_word' id='word_1_207' title='bbox 562 2403 594 2464; x_wconf 92' lang='lat' dir='ltr'>in</span> <span class='ocrx_word' id='word_1_208' title='bbox 617 2402 757 2466; x_wconf 79' lang='lat' dir='ltr'>Terentii</span> <span class='ocrx_word' id='word_1_209' title='bbox 781 2403 901 2467; x_wconf 85' lang='lat' dir='ltr'>Andria</span> <span class='ocrx_word' id='word_1_210' title='bbox 923 2424 987 2466; x_wconf 89' lang='lat' dir='ltr'>non</span> <span class='ocrx_word' id='word_1_211' title='bbox 1010 2424 1077 2466; x_wconf 88' lang='lat' dir='ltr'>esse</span> <span class='ocrx_word' id='word_1_212' title='bbox 1099 2404 1275 2484; x_wconf 85' lang='lat' dir='ltr'>vestigium,</span> <span class='ocrx_word' id='word_1_213' title='bbox 1299 2403 1355 2466; x_wconf 89' lang='lat' dir='ltr'>sed</span> 
     </span>
     <span class='ocr_line' id='line_1_26' title="bbox 220 2485 1355 2571; baseline -0.001 -20"><span class='ocrx_word' id='word_1_214' title='bbox 220 2489 325 2552; x_wconf 85' lang='lat' dir='ltr'>minus</span> <span class='ocrx_word' id='word_1_215' title='bbox 346 2487 486 2571; x_wconf 90' lang='lat' dir='ltr'>prudens</span> <span class='ocrx_word' id='word_1_216' title='bbox 508 2485 631 2550; x_wconf 90' lang='lat' dir='ltr'>addidit</span> <span class='ocrx_word' id='word_1_217' title='bbox 646 2487 827 2552; x_wconf 88' lang='lat' dir='ltr'>Perinthiae</span> <span class='ocrx_word' id='word_1_218' title='bbox 849 2490 969 2552; x_wconf 88' lang='lat' dir='ltr'>exitum</span> <span class='ocrx_word' id='word_1_219' title='bbox 992 2488 1135 2570; x_wconf 88' lang='lat' dir='ltr'>quamvis</span> <span class='ocrx_word' id='word_1_220' title='bbox 1156 2489 1198 2552; x_wconf 89' lang='lat' dir='ltr'>ad</span> <span class='ocrx_word' id='word_1_221' title='bbox 1213 2487 1355 2552; x_wconf 89' lang='lat' dir='ltr'>Terentii</span> 
     </span>
     <span class='ocr_line' id='line_1_27' title="bbox 222 2572 704 2654; baseline -0.006 -17"><span class='ocrx_word' id='word_1_222' title='bbox 222 2573 374 2637; x_wconf 82' lang='lat' dir='ltr'>Andriam</span> <span class='ocrx_word' id='word_1_223' title='bbox 397 2572 561 2635; x_wconf 88' lang='lat' dir='ltr'>nonsatis</span> <span class='ocrx_word' id='word_1_224' title='bbox 585 2579 704 2654; x_wconf 90' lang='lat' dir='ltr'>aptum.</span> 
     </span>
    </p>

    <p class='ocr_par' dir='ltr' id='par_1_3' title="bbox 221 2656 1356 3230">
     <span class='ocr_line' id='line_1_28' title="bbox 308 2656 1354 2739; baseline 0.002 -21"><span class='ocrx_word' id='word_1_225' title='bbox 308 2661 409 2739; x_wconf 86' lang='lat' dir='ltr'>Atque</span> <span class='ocrx_word' id='word_1_226' title='bbox 431 2656 491 2719; x_wconf 89' lang='lat' dir='ltr'>hac</span> <span class='ocrx_word' id='word_1_227' title='bbox 514 2658 583 2738; x_wconf 91' lang='lat' dir='ltr'>ipsa</span> <span class='ocrx_word' id='word_1_228' title='bbox 604 2677 714 2732; x_wconf 87' lang='lat' dir='ltr'>eausa,</span> <span class='ocrx_word' id='word_1_229' title='bbox 746 2657 831 2737; x_wconf 90' lang='lat' dir='ltr'>quod</span> <span class='ocrx_word' id='word_1_230' title='bbox 852 2677 891 2720; x_wconf 87' lang='lat' dir='ltr'>ea</span> <span class='ocrx_word' id='word_1_231' title='bbox 912 2678 994 2739; x_wconf 85' lang='lat' dir='ltr'>qnae</span> <span class='ocrx_word' id='word_1_232' title='bbox 1017 2658 1049 2722; x_wconf 93' lang='lat' dir='ltr'>in</span> <span class='ocrx_word' id='word_1_233' title='bbox 1073 2657 1174 2721; x_wconf 83' lang='lat' dir='ltr'>altero</span> <span class='ocrx_word' id='word_1_234' title='bbox 1197 2663 1285 2721; x_wconf 86' lang='lat' dir='ltr'>exitu</span> <span class='ocrx_word' id='word_1_235' title='bbox 1307 2658 1354 2720; x_wconf 91' lang='lat' dir='ltr'>in·</span> 
     </span>
     <span class='ocr_line' id='line_1_29' title="bbox 222 2740 1356 2826; baseline -0.001 -21"><span class='ocrx_word' id='word_1_236' title='bbox 222 2748 298 2805; x_wconf 89' lang='lat' dir='ltr'>sunt</span> <span class='ocrx_word' id='word_1_237' title='bbox 321 2762 382 2804; x_wconf 90' lang='lat' dir='ltr'>non</span> <span class='ocrx_word' id='word_1_238' title='bbox 409 2740 527 2804; x_wconf 90' lang='lat' dir='ltr'>habent</span> <span class='ocrx_word' id='word_1_239' title='bbox 548 2741 580 2805; x_wconf 90' lang='lat' dir='ltr'>in</span> <span class='ocrx_word' id='word_1_240' title='bbox 603 2743 673 2824; x_wconf 90' lang='lat' dir='ltr'>ipsa</span> <span class='ocrx_word' id='word_1_241' title='bbox 694 2741 803 2806; x_wconf 85' lang='lat' dir='ltr'>fabula</span> <span class='ocrx_word' id='word_1_242' title='bbox 824 2742 863 2804; x_wconf 90' lang='lat' dir='ltr'>ad</span> <span class='ocrx_word' id='word_1_243' title='bbox 888 2743 972 2824; x_wconf 90' lang='lat' dir='ltr'>quod</span> <span class='ocrx_word' id='word_1_244' title='bbox 994 2743 1185 2826; x_wconf 86' lang='lat' dir='ltr'>pertineant,</span> <span class='ocrx_word' id='word_1_245' title='bbox 1209 2743 1285 2806; x_wconf 88' lang='lat' dir='ltr'>satis</span> <span class='ocrx_word' id='word_1_246' title='bbox 1301 2741 1356 2805; x_wconf 88' lang='lat' dir='ltr'>de-</span> 
     </span>
     <span class='ocr_line' id='line_1_30' title="bbox 221 2824 1356 2910; baseline 0 -20"><span class='ocrx_word' id='word_1_247' title='bbox 221 2828 393 2890; x_wconf 88' lang='lat' dir='ltr'>monstrari</span> <span class='ocrx_word' id='word_1_248' title='bbox 415 2833 500 2910; x_wconf 80' lang='lat' dir='ltr'>puto,</span> <span class='ocrx_word' id='word_1_249' title='bbox 524 2824 707 2890; x_wconf 88' lang='lat' dir='ltr'>Terentium</span> <span class='ocrx_word' id='word_1_250' title='bbox 723 2848 785 2890; x_wconf 93' lang='lat' dir='ltr'>non</span> <span class='ocrx_word' id='word_1_251' title='bbox 801 2828 962 2908; x_wconf 90' lang='lat' dir='ltr'>scripsisse</span> <span class='ocrx_word' id='word_1_252' title='bbox 984 2827 1068 2890; x_wconf 89' lang='lat' dir='ltr'>hunc</span> <span class='ocrx_word' id='word_1_253' title='bbox 1089 2829 1218 2892; x_wconf 87' lang='lat' dir='ltr'>exitum.</span> <span class='ocrx_word' id='word_1_254' title='bbox 1263 2827 1356 2904; x_wconf 82' lang='lat' dir='ltr'>Quod</span> 
     </span>
     <span class='ocr_line' id='line_1_31' title="bbox 222 2910 1355 2994; baseline 0 -18"><span class='ocrx_word' id='word_1_255' title='bbox 222 2912 248 2976; x_wconf 86' lang='lat' dir='ltr'>si</span> <span class='ocrx_word' id='word_1_256' title='bbox 271 2911 411 2987; x_wconf 85' lang='lat' dir='ltr'>fecisset,</span> <span class='ocrx_word' id='word_1_257' title='bbox 434 2910 565 2975; x_wconf 88' lang='lat' dir='ltr'>Charini</span> <span class='ocrx_word' id='word_1_258' title='bbox 587 2932 700 2975; x_wconf 86' lang='lat' dir='ltr'>scenae</span> <span class='ocrx_word' id='word_1_259' title='bbox 721 2912 814 2994; x_wconf 90' lang='lat' dir='ltr'>plane</span> <span class='ocrx_word' id='word_1_260' title='bbox 837 2913 865 2976; x_wconf 89' lang='lat' dir='ltr'>ei</span> <span class='ocrx_word' id='word_1_261' title='bbox 888 2913 1059 2977; x_wconf 86' lang='lat' dir='ltr'>mutandae</span> <span class='ocrx_word' id='word_1_262' title='bbox 1081 2920 1186 2992; x_wconf 82' lang='lat' dir='ltr'>erant3</span> <span class='ocrx_word' id='word_1_263' title='bbox 1216 2931 1355 2994; x_wconf 89' lang='lat' dir='ltr'>namque</span> 
     </span>
     <span class='ocr_line' id='line_1_32' title="bbox 221 2995 1356 3081; baseline 0 -20"><span class='ocrx_word' id='word_1_264' title='bbox 221 2997 329 3080; x_wconf 89' lang='lat' dir='ltr'>putari</span> <span class='ocrx_word' id='word_1_265' title='bbox 351 3016 414 3059; x_wconf 92' lang='lat' dir='ltr'>non</span> <span class='ocrx_word' id='word_1_266' title='bbox 437 2995 511 3060; x_wconf 87' lang='lat' dir='ltr'>licet</span> <span class='ocrx_word' id='word_1_267' title='bbox 532 3017 601 3061; x_wconf 90' lang='lat' dir='ltr'>eum</span> <span class='ocrx_word' id='word_1_268' title='bbox 625 2995 785 3078; x_wconf 81' lang='lat' dir='ltr'>effugisse,</span> <span class='ocrx_word' id='word_1_269' title='bbox 816 3018 854 3061; x_wconf 88' lang='lat' dir='ltr'>ea</span> <span class='ocrx_word' id='word_1_270' title='bbox 881 3017 961 3078; x_wconf 89' lang='lat' dir='ltr'>quae</span> <span class='ocrx_word' id='word_1_271' title='bbox 981 2997 1015 3060; x_wconf 90' lang='lat' dir='ltr'>in</span> <span class='ocrx_word' id='word_1_272' title='bbox 1037 2999 1124 3062; x_wconf 91' lang='lat' dir='ltr'>exitu</span> <span class='ocrx_word' id='word_1_273' title='bbox 1147 3009 1219 3062; x_wconf 88' lang='lat' dir='ltr'>sunt</span> <span class='ocrx_word' id='word_1_274' title='bbox 1242 3019 1298 3081; x_wconf 88' lang='lat' dir='ltr'>per</span> <span class='ocrx_word' id='word_1_275' title='bbox 1320 3017 1356 3061; x_wconf 90' lang='lat' dir='ltr'>se</span> 
     </span>
     <span class='ocr_line' id='line_1_33' title="bbox 222 3081 1356 3166; baseline 0.002 -22"><span class='ocrx_word' id='word_1_276' title='bbox 222 3081 362 3164; x_wconf 85' lang='lat' dir='ltr'>intellegi</span> <span class='ocrx_word' id='word_1_277' title='bbox 391 3100 454 3144; x_wconf 90' lang='lat' dir='ltr'>non</span> <span class='ocrx_word' id='word_1_278' title='bbox 485 3101 589 3163; x_wconf 89' lang='lat' dir='ltr'>posse,</span> <span class='ocrx_word' id='word_1_279' title='bbox 627 3102 698 3145; x_wconf 90' lang='lat' dir='ltr'>cum</span> <span class='ocrx_word' id='word_1_280' title='bbox 734 3083 767 3144; x_wconf 90' lang='lat' dir='ltr'>iu</span> <span class='ocrx_word' id='word_1_281' title='bbox 799 3083 868 3163; x_wconf 89' lang='lat' dir='ltr'>ipsa</span> <span class='ocrx_word' id='word_1_282' title='bbox 897 3082 1007 3146; x_wconf 81' lang='lat' dir='ltr'>fabula</span> <span class='ocrx_word' id='word_1_283' title='bbox 1034 3103 1072 3146; x_wconf 88' lang='lat' dir='ltr'>ea</span> <span class='ocrx_word' id='word_1_284' title='bbox 1100 3083 1141 3148; x_wconf 90' lang='lat' dir='ltr'>ad</span> <span class='ocrx_word' id='word_1_285' title='bbox 1172 3103 1253 3166; x_wconf 84' lang='lat' dir='ltr'>quae</span> <span class='ocrx_word' id='word_1_286' title='bbox 1283 3103 1356 3165; x_wconf 90' lang='lat' dir='ltr'>per·</span> 
     </span>
     <span class='ocr_line' id='line_1_34' title="bbox 223 3165 518 3230; baseline -0.007 0"><span class='ocrx_word' id='word_1_287' title='bbox 223 3167 349 3230; x_wconf 86' lang='lat' dir='ltr'>tineent</span> <span class='ocrx_word' id='word_1_288' title='bbox 369 3165 518 3230; x_wconf 88' lang='lat' dir='ltr'>omiserit.</span> 
     </span>
    </p>

    <p class='ocr_par' dir='ltr' id='par_1_4' title="bbox 223 3250 1357 4017">
     <span class='ocr_line' id='line_1_35' title="bbox 309 3250 1357 3335; baseline 0.003 -21"><span class='ocrx_word' id='word_1_289' title='bbox 309 3250 459 3333; x_wconf 81' lang='lat' dir='ltr'>Denique,</span> <span class='ocrx_word' id='word_1_290' title='bbox 481 3270 544 3332; x_wconf 91' lang='lat' dir='ltr'>qno</span> <span class='ocrx_word' id='word_1_291' title='bbox 566 3256 707 3332; x_wconf 88' lang='lat' dir='ltr'>tempore</span> <span class='ocrx_word' id='word_1_292' title='bbox 728 3251 856 3314; x_wconf 84' lang='lat' dir='ltr'>additus</span> <span class='ocrx_word' id='word_1_293' title='bbox 879 3250 920 3314; x_wconf 90' lang='lat' dir='ltr'>sit</span> <span class='ocrx_word' id='word_1_294' title='bbox 942 3251 993 3314; x_wconf 92' lang='lat' dir='ltr'>hic</span> <span class='ocrx_word' id='word_1_295' title='bbox 1015 3253 1097 3316; x_wconf 88' lang='lat' dir='ltr'>alter</span> <span class='ocrx_word' id='word_1_296' title='bbox 1109 3254 1223 3330; x_wconf 86' lang='lat' dir='ltr'>exitus,</span> <span class='ocrx_word' id='word_1_297' title='bbox 1244 3254 1357 3335; x_wconf 89' lang='lat' dir='ltr'>paucis</span> 
     </span>
     <span class='ocr_line' id='line_1_36' title="bbox 223 3334 1357 3418; baseline 0.001 -18"><span class='ocrx_word' id='word_1_298' title='bbox 223 3335 441 3400; x_wconf 88' lang='lat' dir='ltr'>disserendum</span> <span class='ocrx_word' id='word_1_299' title='bbox 462 3334 597 3399; x_wconf 84' lang='lat' dir='ltr'>videtur.</span> <span class='ocrx_word' id='word_1_300' title='bbox 642 3340 743 3416; x_wconf 88' lang='lat' dir='ltr'>Atque</span> <span class='ocrx_word' id='word_1_301' title='bbox 766 3335 956 3400; x_wconf 88' lang='lat' dir='ltr'>Ritschelius</span> <span class='ocrx_word' id='word_1_302' title='bbox 977 3337 1104 3418; x_wconf 89' lang='lat' dir='ltr'>quidem</span> <span class='ocrx_word' id='word_1_303' title='bbox 1136 3339 1169 3400; x_wconf 92' lang='lat' dir='ltr'>in</span> <span class='ocrx_word' id='word_1_304' title='bbox 1198 3338 1279 3401; x_wconf 89' lang='lat' dir='ltr'>bono</span> <span class='ocrx_word' id='word_1_305' title='bbox 1307 3346 1357 3401; x_wconf 90' lang='lat' dir='ltr'>at·</span> 
     </span>
     <span class='ocr_line' id='line_1_37' title="bbox 223 3421 1357 3506; baseline 0.001 -22"><span class='ocrx_word' id='word_1_306' title='bbox 223 3440 284 3504; x_wconf 89' lang='lat' dir='ltr'>que</span> <span class='ocrx_word' id='word_1_307' title='bbox 313 3421 444 3504; x_wconf 90' lang='lat' dir='ltr'>antiquo</span> <span class='ocrx_word' id='word_1_308' title='bbox 466 3427 559 3502; x_wconf 90' lang='lat' dir='ltr'>poeta</span> <span class='ocrx_word' id='word_1_309' title='bbox 581 3440 637 3482; x_wconf 90' lang='lat' dir='ltr'>nos</span> <span class='ocrx_word' id='word_1_310' title='bbox 658 3422 777 3482; x_wconf 88' lang='lat' dir='ltr'>versari</span> <span class='ocrx_word' id='word_1_311' title='bbox 799 3421 876 3484; x_wconf 87' lang='lat' dir='ltr'>dicit</span> <span class='ocrx_word' id='word_1_312' title='bbox 898 3432 930 3484; x_wconf 88' lang='lat' dir='ltr'>et</span> <span class='ocrx_word' id='word_1_313' title='bbox 950 3443 970 3484; x_wconf 88' lang='lat' dir='ltr'>a</span> <span class='ocrx_word' id='word_1_314' title='bbox 992 3429 1086 3504; x_wconf 89' lang='lat' dir='ltr'>poeta</span> <span class='ocrx_word' id='word_1_315' title='bbox 1107 3423 1265 3506; x_wconf 87' lang='lat' dir='ltr'>profectos</span> <span class='ocrx_word' id='word_1_316' title='bbox 1287 3443 1357 3486; x_wconf 89' lang='lat' dir='ltr'>esse</span> 
     </span>
     <span class='ocr_line' id='line_1_38' title="bbox 225 3505 1356 3591; baseline 0.003 -24"><span class='ocrx_word' id='word_1_317' title='bbox 225 3525 332 3568; x_wconf 87' lang='lat' dir='ltr'>versus</span> <span class='ocrx_word' id='word_1_318' title='bbox 353 3505 438 3569; x_wconf 90' lang='lat' dir='ltr'>haud</span> <span class='ocrx_word' id='word_1_319' title='bbox 461 3505 561 3568; x_wconf 91' lang='lat' dir='ltr'>multo</span> <span class='ocrx_word' id='word_1_320' title='bbox 584 3506 769 3587; x_wconf 87' lang='lat' dir='ltr'>posteriore,</span> <span class='ocrx_word' id='word_1_321' title='bbox 798 3505 931 3587; x_wconf 86' lang='lat' dir='ltr'>septimo</span> <span class='ocrx_word' id='word_1_322' title='bbox 953 3507 1051 3586; x_wconf 86' lang='lat' dir='ltr'>igitur</span> <span class='ocrx_word' id='word_1_323' title='bbox 1073 3529 1102 3591; x_wconf 87' lang='lat' dir='ltr'>p.</span> <span class='ocrx_word' id='word_1_324' title='bbox 1127 3529 1157 3571; x_wconf 92' lang='lat' dir='ltr'>u.</span> <span class='ocrx_word' id='word_1_325' title='bbox 1181 3530 1207 3571; x_wconf 92' lang='lat' dir='ltr'>c.</span> <span class='ocrx_word' id='word_1_326' title='bbox 1228 3507 1356 3571; x_wconf 89' lang='lat' dir='ltr'>saeculo</span> 
     </span>
     <span class='ocr_line' id='line_1_39' title="bbox 224 3588 1355 3673; baseline 0.003 -20"><span class='ocrx_word' id='word_1_327' title='bbox 224 3590 415 3673; x_wconf 88' lang='lat' dir='ltr'>compositos</span> <span class='ocrx_word' id='word_1_328' title='bbox 445 3609 512 3654; x_wconf 89' lang='lat' dir='ltr'>esse</span> <span class='ocrx_word' id='word_1_329' title='bbox 545 3590 668 3652; x_wconf 89' lang='lat' dir='ltr'>conicit.</span> <span class='ocrx_word' id='word_1_330' title='bbox 724 3588 890 3652; x_wconf 90' lang='lat' dir='ltr'>Consentit</span> <span class='ocrx_word' id='word_1_331' title='bbox 921 3611 991 3654; x_wconf 92' lang='lat' dir='ltr'>cum</span> <span class='ocrx_word' id='word_1_332' title='bbox 1024 3612 1061 3654; x_wconf 86' lang='lat' dir='ltr'>eo</span> <span class='ocrx_word' id='word_1_333' title='bbox 1083 3590 1119 3655; x_wconf 40' lang='lat' dir='ltr'>Gi</span> <span class='ocrx_word' id='word_1_334' title='bbox 1144 3591 1355 3656; x_wconf 74' lang='lat' dir='ltr'>Hermannus,</span> 
     </span>
     <span class='ocr_line' id='line_1_40' title="bbox 225 3673 1357 3759; baseline 0.001 -20"><span class='ocrx_word' id='word_1_335' title='bbox 225 3673 286 3740; x_wconf 88' lang='lat' dir='ltr'>Sed</span> <span class='ocrx_word' id='word_1_336' title='bbox 309 3674 394 3757; x_wconf 90' lang='lat' dir='ltr'>quod</span> <span class='ocrx_word' id='word_1_337' title='bbox 417 3696 436 3738; x_wconf 87' lang='lat' dir='ltr'>a</span> <span class='ocrx_word' id='word_1_338' title='bbox 458 3673 540 3738; x_wconf 92' lang='lat' dir='ltr'>bono</span> <span class='ocrx_word' id='word_1_339' title='bbox 563 3681 595 3737; x_wconf 92' lang='lat' dir='ltr'>et</span> <span class='ocrx_word' id='word_1_340' title='bbox 616 3675 747 3754; x_wconf 89' lang='lat' dir='ltr'>antiqno</span> <span class='ocrx_word' id='word_1_341' title='bbox 770 3683 863 3756; x_wconf 85' lang='lat' dir='ltr'>poeta</span> <span class='ocrx_word' id='word_1_342' title='bbox 885 3695 938 3740; x_wconf 89' lang='lat' dir='ltr'>eos</span> <span class='ocrx_word' id='word_1_343' title='bbox 960 3679 1150 3759; x_wconf 90' lang='lat' dir='ltr'>compositos</span> <span class='ocrx_word' id='word_1_344' title='bbox 1165 3676 1357 3741; x_wconf 89' lang='lat' dir='ltr'>Ritschelius</span> 
     </span>
     <span class='ocr_line' id='line_1_41' title="bbox 225 3758 1356 3840; baseline 0.004 -18"><span class='ocrx_word' id='word_1_345' title='bbox 225 3759 308 3836; x_wconf 83' lang='lat' dir='ltr'>vult,</span> <span class='ocrx_word' id='word_1_346' title='bbox 332 3759 370 3824; x_wconf 92' lang='lat' dir='ltr'>de</span> <span class='ocrx_word' id='word_1_347' title='bbox 392 3760 452 3822; x_wconf 91' lang='lat' dir='ltr'>hac</span> <span class='ocrx_word' id='word_1_348' title='bbox 473 3779 507 3822; x_wconf 92' lang='lat' dir='ltr'>re</span> <span class='ocrx_word' id='word_1_349' title='bbox 529 3758 667 3824; x_wconf 88' lang='lat' dir='ltr'>dubitari</span> <span class='ocrx_word' id='word_1_350' title='bbox 691 3766 809 3840; x_wconf 86' lang='lat' dir='ltr'>potest3</span> <span class='ocrx_word' id='word_1_351' title='bbox 831 3781 904 3823; x_wconf 89' lang='lat' dir='ltr'>nam</span> <span class='ocrx_word' id='word_1_352' title='bbox 927 3781 998 3824; x_wconf 91' lang='lat' dir='ltr'>cum</span> <span class='ocrx_word' id='word_1_353' title='bbox 1021 3763 1155 3826; x_wconf 82' lang='lat' dir='ltr'>coniciet</span> <span class='ocrx_word' id='word_1_354' title='bbox 1177 3763 1236 3826; x_wconf 93' lang='lat' dir='ltr'>hoc</span> <span class='ocrx_word' id='word_1_355' title='bbox 1257 3783 1296 3826; x_wconf 87' lang='lat' dir='ltr'>ex</span> <span class='ocrx_word' id='word_1_356' title='bbox 1318 3783 1356 3826; x_wconf 91' lang='lat' dir='ltr'>eo</span> 
     </span>
     <span class='ocr_line' id='line_1_42' title="bbox 226 3845 1357 3930; baseline 0.002 -22"><span class='ocrx_word' id='word_1_357' title='bbox 226 3847 309 3927; x_wconf 91' lang='lat' dir='ltr'>qnod</span> <span class='ocrx_word' id='word_1_358' title='bbox 339 3865 446 3908; x_wconf 87' lang='lat' dir='ltr'>versus</span> <span class='ocrx_word' id='word_1_359' title='bbox 474 3864 494 3906; x_wconf 92' lang='lat' dir='ltr'>a</span> <span class='ocrx_word' id='word_1_360' title='bbox 522 3864 555 3906; x_wconf 88' lang='lat' dir='ltr'>se</span> <span class='ocrx_word' id='word_1_361' title='bbox 586 3845 654 3926; x_wconf 89' lang='lat' dir='ltr'>ipso</span> <span class='ocrx_word' id='word_1_362' title='bbox 676 3845 859 3908; x_wconf 88' lang='lat' dir='ltr'>emendatos</span> <span class='ocrx_word' id='word_1_363' title='bbox 887 3853 918 3908; x_wconf 92' lang='lat' dir='ltr'>et</span> <span class='ocrx_word' id='word_1_364' title='bbox 941 3852 1051 3910; x_wconf 86' lang='lat' dir='ltr'>auctos</span> <span class='ocrx_word' id='word_1_365' title='bbox 1073 3846 1221 3912; x_wconf 85' lang='lat' dir='ltr'>Terentio</span> <span class='ocrx_word' id='word_1_366' title='bbox 1244 3847 1357 3930; x_wconf 86' lang='lat' dir='ltr'>dignos</span> 
     </span>
     <span class='ocr_line' id='line_1_43' title="bbox 226 3929 1356 4017; baseline 0.004 -26"><span class='ocrx_word' id='word_1_367' title='bbox 226 3937 329 4012; x_wconf 87' lang='lat' dir='ltr'>putet,</span> <span class='ocrx_word' id='word_1_368' title='bbox 357 3929 417 3993; x_wconf 92' lang='lat' dir='ltr'>hoc</span> <span class='ocrx_word' id='word_1_369' title='bbox 439 3949 511 3992; x_wconf 88' lang='lat' dir='ltr'>eum</span> <span class='ocrx_word' id='word_1_370' title='bbox 533 3948 594 3992; x_wconf 93' lang='lat' dir='ltr'>non</span> <span class='ocrx_word' id='word_1_371' title='bbox 617 3937 701 3996; x_wconf 90' lang='lat' dir='ltr'>recte</span> <span class='ocrx_word' id='word_1_372' title='bbox 723 3930 833 3994; x_wconf 86' lang='lat' dir='ltr'>fecisse</span> <span class='ocrx_word' id='word_1_373' title='bbox 854 3930 918 3994; x_wconf 88' lang='lat' dir='ltr'>iam</span> <span class='ocrx_word' id='word_1_374' title='bbox 940 3951 1036 4014; x_wconf 87' lang='lat' dir='ltr'>supra</span> <span class='ocrx_word' id='word_1_375' title='bbox 1059 3932 1203 3996; x_wconf 90' lang='lat' dir='ltr'>vidimus.</span> <span class='ocrx_word' id='word_1_376' title='bbox 1248 3931 1356 4017; x_wconf 91' lang='lat' dir='ltr'>Neque</span> 
     </span>
    </p>
   </div>
   <div class='ocr_carea' id='block_1_3' title="bbox 232 4053 433 4062">
    <p class='ocr_par' dir='ltr' id='par_1_5' title="bbox 232 4053 433 4062">
     <span class='ocr_line' id='line_1_44' title="bbox 232 4053 433 4062; baseline 0.005 -1"><span class='ocrx_word' id='word_1_377' title='bbox 232 4053 433 4062; x_wconf 73' lang='lat'><em>-—-—--—·———</em></span> 
     </span>
    </p>
   </div>
   <div class='ocr_carea' id='block_1_4' title="bbox 299 4117 597 4186">
    <p class='ocr_par' dir='ltr' id='par_1_6' title="bbox 299 4117 597 4186">
     <span class='ocr_line' id='line_1_45' title="bbox 299 4117 597 4186; baseline 0 -16"><span class='ocrx_word' id='word_1_378' title='bbox 299 4117 318 4184; x_wconf 90' lang='lat'>¹)</span> <span class='ocrx_word' id='word_1_379' title='bbox 353 4117 474 4186; x_wconf 79' lang='lat' dir='ltr'>Parerga</span> <span class='ocrx_word' id='word_1_380' title='bbox 490 4135 517 4186; x_wconf 91' lang='lat' dir='ltr'>p.</span> <span class='ocrx_word' id='word_1_381' title='bbox 536 4119 597 4172; x_wconf 85' lang='lat'><strong>602.</strong></span> 
     </span>
    </p>
   </div>
   <div class='ocr_carea' id='block_1_5' title="bbox 0 0 1482 4658">
    <p class='ocr_par' dir='ltr' id='par_1_7' title="bbox 0 0 1482 4658">
     <span class='ocr_line' id='line_1_46' title="bbox 0 0 1482 4658; baseline 0 0"><span class='ocrx_word' id='word_1_382' title='bbox 0 0 1482 4658; x_wconf 95' lang='lat' dir='ltr'> </span> 
     </span>
    </p>
   </div>
  </div>
 </body>
</html>
