2900 4658
640 267 678 329 37

71 458 198 517 censet
220 452 301 518 ellici
323 451 441 518 Donati
461 453 580 530 verbis,
614 453 765 517 interesse
795 451 917 535 aliquid
939 451 1023 518 inter
1043 452 1227 518 Terentium

73 546 118 601 et
143 539 372 616 Menandrum;
396 559 499 622 neque
521 559 608 614 vero,
631 537 708 621 quid
732 537 873 614 intersit,
896 543 980 602 recte
1002 538 1080 602 mihi
1102 538 1227 602 videtur

72 625 321 708 interpretatus
335 625 370 706 Ι).
415 623 637 688 Rusticitatem
660 623 743 686 enim
761 622 936 698 Menandri,
959 645 1053 706 quarn
1077 623 1154 688 dicit
1163 622 1227 687 Do-

74 715 200 787 natus,
233 709 339 773 valere
368 714 446 792 puto
476 730 548 772 cnm
575 709 616 772 ad
639 708 808 771 stultitiam
831 707 991 789 quandam
1015 717 1111 793 atque
1132 707 1227 773 fatui-

73 801 189 858 tatem
213 794 308 867 (hanc
329 796 471 858 invenias
493 794 624 858 eandem
649 793 732 877 apud
754 792 952 871 Terentium)
979 802 1046 859 tum
1075 793 1228 877 simplici-

75 887 192 942 tatem
228 901 349 944 morum
387 885 421 943 et
456 879 689 961 quodammodo
720 877 935 942 sinceritatem
963 880 1229 962 probitatemque,

74 965 209 1028 malam
232 971 338 1029 autem
359 965 548 1030 sententiam
571 963 760 1028 rusticitatis
781 963 887 1027 minus
902 963 1021 1028 adesse.
1053 966 1098 1028 At
1112 965 1229 1028 Tereu-

75 1051 155 1113 tius
178 1049 238 1114 hac
261 1051 378 1132 ingenii
401 1055 493 1133 parte
516 1049 661 1130 neglecta
683 1047 830 1113 timidum
853 1048 955 1133 primo
986 1056 1018 1112 et
1047 1050 1144 1115 animi
1174 1049 1227 1113 de·
1323 1097 1326 1107 .

77 1135 179 1198 missi
201 1141 233 1199 et
254 1137 417 1216 ignarum,
441 1141 509 1198 tum
533 1155 603 1198 curn
629 1135 706 1198 satis
727 1140 831 1196 tutum
855 1154 887 1195 66
909 1133 1084 1214 intellegat,
1106 1134 1227 1199 iactan-

76 1228 154 1284 tem
181 1241 250 1283 eum
276 1220 426 1304 depingit.
470 1218 577 1284 Talem
603 1241 673 1284 eum
698 1223 732 1282 ut
760 1218 965 1294 describeret,
1000 1220 1138 1290 alienum
1167 1218 1229 1284 fuit

79 1327 105 1368 a
134 1305 303 1369 Menandri
325 1304 471 1380 consilio,
504 1312 613 1388 aptum
637 1305 698 1369 luit
719 1302 873 1379 Terentii,
896 1304 1077 1388 optimeque
1098 1303 1158 1368 hoc
1179 1306 1227 1368 in·

77 1396 220 1454 ventum
241 1391 282 1454 ab
304 1411 341 1452 eo
364 1396 401 1455 ut
422 1389 625 1454 delectationi
648 1395 731 1455 esset
752 1408 790 1451 ea
805 1389 1117 1473 interThaidemque
1131 1389 1226 1454 Chre·

79 1482 270 1558 metamque
292 1496 387 1539 scena
409 1474 622 1540 audientibus.
668 1475 769 1554 Quam
785 1474 1027 1557 descriptionem
1045 1497 1064 1539 a
1079 1473 1227 1540 Terentio

75 1567 192 1644 ortam
215 1581 282 1624 esse
304 1561 420 1624 iterum
441 1561 619 1644 iterumque
642 1558 826 1624 adnotando
845 1559 935 1623 testis
951 1561 1052 1625 evasit
1065 1561 1227 1640 Donatus3

78 1645 197 1709 afferri
220 1645 318 1709 liceat
336 1646 403 1708 eius
425 1645 648 1710 adnotationes
670 1648 710 1709 ad
732 1645 785 1722 lV,
808 1649 837 1721 6,
864 1649 915 1722 10;
939 1645 992 1722 IV,
1017 1650 1044 1724 6,
1066 1651 1084 1709 7
1095 1665 1103 1720 ;
1126 1646 1181 1724 IV,
1198 1650 1227 1723 6,

83 1736 144 1808 14;
181 1731 366 1808 Iv,6,16;
401 1731 454 1805 lV,
478 1736 506 1807 6,
532 1735 581 1794 31.
632 1731 721 1806 Quod
752 1729 931 1811 insequenti
960 1749 1054 1793 66666
1077 1730 1227 1796 Chremes

78 1815 269 1896 neglegitur
290 1817 404 1879 mirum
427 1837 490 1880 non
514 1822 575 1894 est;
598 1817 631 1880 in
654 1837 692 1879 ea
714 1816 798 1878 enirn
821 1814 948 1878 Gnatho
970 1815 1155 1900 Thrasoque
1177 1835 1227 1880 sa·

81 1902 131 1963 tis
153 1900 357 1964 delectationi
380 1910 462 1964 sunt.

176 1985 244 2048 Hoc
266 1984 379 2049 afferre
401 1986 510 2060 liceat,
543 1984 725 2048 Terentium
755 1989 791 2048 ut
822 1989 955 2066 augeret
984 1986 1100 2050 severis
1128 1986 1226 2051 inter·

80 2071 192 2134 mistis
213 2070 379 2134 sententiis
402 2072 464 2134 vim
488 2071 667 2134 comoediae
689 2069 855 2153 proverbia
877 2070 1031 2134 nonnulla
1045 2071 1225 2137 inseruisse.

81 2159 158 2235 Quo
181 2157 212 2218 in
237 2175 369 2219 numero
391 2162 466 2220 sunt
487 2156 540 2232 IV,
559 2160 587 2232 6,
600 2159 639 2218 23
667 2157 715 2218 Tu
737 2156 820 2238 quod
839 2176 945 2218 cocere
961 2156 1074 2238 possis,
1098 2157 1226 2221 stultum

82 2240 292 2313 admitterem,
318 2249 350 2304 et
366 2241 418 2318 lV,
432 2247 460 2318 6,
474 2247 514 2305 24
536 2241 627 2303 Malo
650 2262 703 2323 epo
725 2261 781 2304 nos
798 2241 977 2322 prospicere
998 2263 1091 2325 qaam
1115 2242 1228 2326 (hunc)

84 2325 200 2390 ulcisci
220 2335 343 2408 accepta
366 2326 504 2404 aarra,
532 2327 658 2408 iamque
680 2324 830 2389 hocloco
853 2325 936 2390 6666
959 2326 1012 2405 lV,
1037 2332 1065 2402 7,
1091 2332 1127 2390 19
1155 2329 1227 2390 Om-

85 2411 145 2476 nia
164 2411 258 2494 prius
279 2411 416 2494 experiri
435 2432 527 2495 quom
551 2411 649 2472 armis
669 2409 839 2492 sapientem
862 2411 956 2474 decet.

176 2496 262 2574 1v‚v
287 2495 410 2560 Colacis
432 2517 500 2560 esse
522 2501 656 2579 apparet
678 2495 733 2558 sed
754 2495 801 2559 ita
823 2517 842 2560 6
865 2495 1013 2559 Terentio
1027 2493 1228 2575 translatam,

86 2588 128 2646 ut
150 2581 189 2646 66
211 2601 267 2644 666
289 2581 449 2645 addiderit
473 2601 554 2664 quae
577 2579 683 2657 Thais,
706 2579 810 2650 miles,
834 2580 983 2645 Chremes
1005 2581 1089 2645 inter
1110 2601 1143 2644 66
1165 2580 1228 2644 661-

85 2669 282 2748 loquuntur3
306 2685 498 2750 quamquam
513 2686 574 2729 non
592 2666 725 2729 dixerim
740 2665 842 2750 ipsum
867 2687 938 2729 eum
962 2666 1040 2729 haec
1062 2667 1228 2745 invenisse,

86 2753 146 2816 sed
169 2751 387 2815 nesciocuius
409 2771 562 2834 personae
584 2757 691 2835 partes
719 2751 956 2834 sententiasque
987 2750 1130 2834 quolibet
1159 2751 1228 2816 loco

88 2843 181 2901 actas
201 2836 252 2899 hic
275 2857 346 2900 eum
368 2837 539 2900 inseruisse
561 2836 755 2919 putaverim;
789 2841 873 2900 certe
896 2835 1000 2919 qualis
1022 2836 1113 2900 adest
1134 2857 1229 2901 scena

88 2944 111 2986 6
134 2921 282 2985 Terentio
304 2922 488 3004 composita.
532 2921 678 2984 Ceterum
703 2921 741 2982 de
764 2920 824 2984 hac
845 2941 940 2984 scena
962 2921 1045 2985 idem
1062 2921 1127 2985 fere
1146 2922 1231 2986 valet

89 3006 179 3090 quod
201 3026 298 3089 supra
320 3007 393 3084 (Ill,
411 3011 443 3088 2)
467 3005 696 3070 adnotavimus.
735 3005 778 3070 Ut
791 3007 901 3088 paucis
917 3007 1042 3088 singula
1057 3005 1228 3083 videamus,

89 3093 214 3176 priores
245 3096 285 3155 20
315 3111 424 3155 versus
446 3111 463 3154 e
487 3091 600 3154 Colace
629 3090 796 3155 transtulit
825 3098 921 3176 poeta
948 3092 1172 3175 interpositis,
1193 3097 1230 3155 ut

90 3177 249 3242 veriorem
271 3176 420 3242 redderet
442 3178 630 3254 orationem,
664 3177 774 3260 paucis
802 3197 822 3240 a
843 3176 963 3241 Thaide
986 3177 1088 3241 dictis.
1132 3177 1229 3242 Recte

90 3262 259 3326 adnotavit
282 3262 416 3345 Beniey‚
450 3263 482 3324 in
510 3282 563 3335 66,
597 3283 691 3345 quam
716 3261 881 3325 Terentius
904 3268 1089 3344 sequeretur
1110 3261 1229 3342 fabula,

90 3369 156 3412 non
174 3345 329 3428 Pyrrhum
345 3348 400 3411 sed
417 3347 631 3420 Alexandrum
648 3347 760 3421 fuisse;
783 3346 957 3411 Menandro
972 3348 1055 3410 enim
1072 3346 1229 3430 Pyrrhum

92 3431 207 3496 afferre
236 3452 299 3495 non
329 3432 470 3505 licuisse,
503 3433 577 3516 quia
606 3433 633 3495 is
655 3437 727 3515 post
750 3431 957 3496 Menandrum
981 3431 1113 3512 gloriam
1135 3454 1230 3518 pepe·

93 3520 206 3592 risset;
243 3519 442 3600 suppositum
465 3537 535 3580 eum
560 3538 627 3580 esse
649 3539 668 3582 6
690 3516 838 3582 Terentio
860 3538 929 3581 cum
954 3517 1105 3581 Romanis
1125 3521 1231 3583 notior

93 3607 186 3667 esset.
231 3602 309 3665 Inde
332 3623 351 3665 6
372 3624 400 3665 v.
418 3606 467 3666 20.
491 3601 682 3686 colloquium
695 3601 868 3666 Thrasonis
884 3601 1122 3686 Chremetisque
1137 3604 1229 3668 Pam·

93 3687 213 3771 philam
243 3707 331 3750 suam
361 3708 500 3751 sororem
532 3689 694 3770 civemque
723 3687 914 3751 vindicantis
936 3707 956 3749 a
976 3687 1125 3752 Terentio
1146 3710 1229 3752 com·

94 3773 242 3858 positum.

168 3918 187 3988 ¹)
224 3919 374 3973 Grauertus
387 3919 440 3974 hoc
452 3919 584 3974 rusticum
601 3919 635 3974 ad
654 3919 822 3974 domicilium
840 3919 978 3988 pertinere
995 3921 1056 3974 vult
1073 3936 1158 3988 eoque
1176 3919 1230 3974 dis·

96 3991 196 4042 sentire
214 3992 294 4058 putat
305 3989 463 4044 Terentium
478 3991 721 4059 Menandrumque,
740 3991 812 4060 quod
825 3989 976 4045 Menander
991 3990 1141 4060 agricolam
1159 4008 1229 4060 enm,

95 4059 251 4127 Terentius,
277 4076 440 4129 quamquam
461 4078 542 4131 agros
561 4061 637 4114 Sunii
661 4061 789 4128 haberet,
818 4064 910 4115 tamen
931 4061 1090 4131 plerumque
1107 4059 1142 4132 {in
1161 4062 1230 4116 urbe

96 4130 177 4184 inisse
194 4129 342 4184 describet.
