2900 4658
781 271 800 332 8

217 477 308 523 servo
330 455 377 521 ita
398 455 431 520 in
455 453 620 520 Perinthia
640 474 712 518 oum
735 473 843 518 uxore.
890 449 1086 526 Verbalis,
1120 448 1165 514 ut'
1197 470 1262 514 non
1293 455 1361 514 tam
1438 449 1439 460 ’

217 551 297 606 ‘oum
322 539 429 606 uxore'
452 545 486 605 et
508 547 590 603 ‘oum
610 537 734 603 liberte’
756 541 938 625 opponunt,
967 555 1063 618 quam
1091 534 1124 598 in
1152 541 1292 618 utraque
1314 534 1362 599 ia-

217 625 292 692 bula
315 625 516 704 oollooutum,
539 644 601 688 non
626 623 727 687 solum
751 623 892 687 loentum
914 641 983 686 esse
1006 620 1050 699 lid
1073 619 1159 703 quod
1182 619 1214 684 in
1239 619 1362 686 Andria

218 710 386 776 Menandri
410 708 500 782 iacit)
522 728 631 773 senem
652 707 801 773 efficiunt
1439 727 1440 732 ¹

304 793 366 860 Sed
389 794 449 859 hoo
470 793 637 857 ascesione
659 793 744 858 data.
788 791 877 856 Haeo
898 791 996 874 igitur
1019 790 1122 871 prima
1143 808 1256 866 scena,
1289 809 1362 854 eum

217 879 329 946 eadem
351 879 384 944 in
408 877 573 942 Perinthia
594 897 677 960 quae
698 877 730 942 in
757 876 878 941 Andria
904 875 958 951 sit,
993 874 1087 940 facile
1115 874 1252 959 perspici
1283 880 1363 957 puto

218 964 258 1030 de
280 983 406 1028 summa
427 963 605 1044 argumenti
629 961 708 1026 nihil
729 962 762 1026 in
780 961 944 1026 Perinthia
965 961 1178 1026 aMenendro
1200 964 1364 1024 mutatum

219 1070 297 1115 esee.
347 1047 437 1114 Idem
466 1047 526 1112 hoo
548 1047 687 1130 quadrat
709 1046 749 1111 ad
772 1045 804 1111 id
827 1045 913 1128 quod
936 1046 1027 1111 addit
1052 1045 1196 1110 Donatus
1218 1043 1259 1110 ad
1281 1043 1364 1128 prol.

217 1154 248 1198 r.
274 1137 323 1198 10.
364 1135 473 1196 lietera
495 1131 663 1195 dissimilia
684 1141 757 1195 eant
773 1141 902 1213 praeter
924 1131 1002 1194 daos
1022 1131 1120 1203 loros,
1155 1129 1290 1193 alterum
1320 1130 1367 1192 ad

217 1239 321 1282 meus
346 1219 403 1294 ll,
436 1216 569 1280 alteram
591 1217 710 1290 adeo,
733 1215 841 1299 quiin
864 1224 996 1299 atroque
1014 1216 1129 1297 sabulo
1152 1213 1251 1297 positi
1275 1221 1361 1277 aaut.

218 1303 345 1368 Mutato
360 1303 445 1366 enim
461 1308 647 1399 argumento
670 1307 706 1364 ut
725 1301 797 1399 ipsa
818 1302 913 1398 verha
928 1301 959 1364 in
978 1299 1142 1399 Perinthia
1156 1305 1366 1364 servarentur

217 1382 1365 1538 stititltttdtl‘tl.deliniti..littstill:

218 1557 320 1622 thiam
342 1556 490 1641 pertinet.
1441 1577 1442 1590 .

303 1642 371 1706 lam
394 1640 480 1724 qnod
509 1646 731 1722 argumentum
759 1640 802 1705 sit
829 1638 958 1705 fabulae
982 1639 1194 1704 Terentianae
1220 1659 1320 1720 quum
1343 1659 1366 1703 a

218 1726 376 1792 Grauerto
397 1725 516 1810 optime
534 1726 712 1809 expositum
736 1725 792 1802 sit,
819 1725 879 1790 hoo
900 1725 968 1790 looo
991 1723 1203 1790 omittendum
1224 1723 1366 1798 videtur.

219 1811 501 1909 Aretissimequae
515 1809 690 1875 Grauertus
705 1811 868 1910 enarravit
883 1811 965 1875 inter
982 1830 1015 1874 se
1036 1809 1206 1908 cohaerere
1226 1814 1367 1893 apparet

218 1895 1366 2062 urstteruntsl.²1‚¹usrus.ru..ullraar
1442 1971 1443 1984 ψ

218 2087 291 2130 oum
314 2065 396 2130 nihil
418 2064 523 2130 omitti
545 2065 645 2162 possit
667 2065 727 2128 nisi
752 2085 876 2129 omnem
900 2065 1000 2129 totius
1023 2063 1151 2130 fabulae
1174 2083 1290 2128 nexum
1314 2083 1365 2128 re·

219 2150 298 2216 solvi
321 2150 415 2224 velis,
449 2170 510 2213 non
534 2148 609 2214 hcet
631 2150 737 2234 putari
761 2149 970 2214 Menandrum
994 2151 1027 2214 in
1050 2149 1217 2216 scribenda
1240 2147 1367 2214 Andria

218 2235 329 2302 fabula
374 2234 526 2319 uidquam
549 2235 691 2298 omisisse
714 2241 771 2298 aut
793 2233 967 2317 neglexisse
988 2255 1096 2300 eorum
1120 2255 1203 2317 quae
1224 2232 1366 2300 Grauer·

221 2327 273 2385 tus
288 2256 408 2396 attulit,
431 2339 532 2403 neque
554 2318 586 2382 in
610 2318 776 2384 Perinthia
797 2319 939 2404 aliquam
961 2340 1030 2385 rem
1052 2319 1194 2385 omisisse
1216 2325 1273 2384 ant
1295 2339 1368 2385 mu·
1443 2321 1444 2376 l

220 2411 305 2471 tasse
327 2404 390 2470 alio
412 2404 485 2470 dolo
508 2403 646 2487 quodam
670 2403 738 2468 eius
759 2425 854 2487 quem
873 2403 979 2468 Davus
994 2405 1155 2488 excogitat
1176 2405 1245 2470 loeo
1267 2404 1366 2470 inter·

222 2493 334 2589 posito.
379 2488 509 2573 Aliquid
530 2495 637 2554 tamen
654 2489 835 2554 interfuisse
851 2489 936 2554 iuter
951 2496 1150 2572 argumenta,
1172 2489 1258 2573 quod
1281 2489 1367 2554 inest

222 2597 255 2640 1n
280 2574 411 2659 prologo
434 2574 514 2639 ‘Non
535 2573 582 2638 ita
600 2572 746 2639 dissimili
769 2574 966 2656 argumento’
988 2575 1196 2651 demonstrat,
1218 2574 1273 2640 sed
1295 2574 1366 2640 leve

222 2660 301 2724 illud
317 2659 454 2743 quidem.
490 2657 567 2734 Iam,
591 2657 669 2742 quid
685 2658 773 2724 aliud
788 2659 908 2724 iactum
923 2666 1024 2744 putes,
1047 2680 1143 2744 quam
1159 2668 1196 2724 ut
1217 2659 1286 2724 leve
1307 2659 1373 2725 ad·-

221 2745 433 2812 ‹iitamentum
461 2744 495 2808 in
518 2742 665 2808 facienda
687 2743 851 2808 Perinthia
880 2744 1060 2829 appositum
1091 2745 1133 2809 sit
1161 2765 1224 2829 quo
1254 2749 1366 2810 temen

222 2835 446 2911 argumentum
467 2835 500 2892 st
514 2828 671 2904 fallaciae,
696 2829 811 2912 quibus
833 2829 910 2894 solis
931 2830 1113 2895 continetur
1132 2829 1252 2908 fabula,
1274 2829 1365 2894 nullo

223 2914 316 2980 modo
338 2919 550 2978 mutarentur.
597 2917 700 2996 Atque
724 2919 809 2978 recte
833 2913 990 2979 iudicasse
1019 2915 1097 2979 mihi
1126 2914 1253 2979 ridetur
1275 2914 1364 2992 ihus,

223 3000 325 3086 primo
346 2999 417 3064 loco
445 2997 661 3063 aMsnaudro
684 2997 838 3064 Andriam
866 2999 986 3064 iactam
1017 3019 1102 3075 esse,
1135 2999 1251 3064 deinde
1280 3019 1365 3063 nova

223 3083 376 3151 orationis
392 3082 495 3148 forma
516 3082 661 3146 indutam
685 3084 857 3167 paucisque
879 3085 981 3148 scenis
1003 3091 1130 3149 anetam
1154 3083 1283 3168 (quihus
1304 3105 1365 3168 pro

223 3191 287 3235 uno
303 3189 410 3234 amore
425 3168 506 3235 duos
524 3166 678 3246 inferret),
702 3168 856 3251 reliquum
874 3189 936 3232 non
952 3175 1109 3234 mutatum
1131 3173 1364 3250 argumentum.

224 3257 329 3402 mie
351 3273 405 3319 eas
426 3273 536 3318 scenas
551 3252 718 3317 Terentius
739 3253 770 3316 in
796 3253 947 3318 Andriam
970 3273 1060 3318 suam
1083 3255 1249 3320 transtulit
1269 3274 1287 3319 e
1305 3254 1363 3318 Pe·

223 3341 289 3404 rint
312 3338 354 3404 ia.

310 3422 473 3488 Accedunt
494 3420 535 3485 ad
550 3420 583 3485 id
598 3419 683 3504 quod
698 3442 797 3506 supra
811 3423 1127 3488 oommemorarimus
1139 3431 1364 3507 argumentum

224 3527 346 3592 pauoae
368 3526 481 3573 scenae
501 3506 544 3570 ad
566 3506 666 3590 ipsius
687 3526 804 3570 nexum
828 3508 873 3572 nil
900 3508 1108 3593 pertinentes,
1141 3509 1256 3592 quibus
1279 3509 1365 3574 cha·

224 3591 314 3657 rinus
335 3591 517 3657 adolescens
539 3597 572 3655 et
587 3589 722 3673 Byrrhia
744 3609 854 3656 servus
874 3591 907 3656 in
931 3612 1058 3656 scenam
1074 3592 1242 3677 prodeunt.
1280 3593 1364 3660 Cha·

224 3676 314 3742 rinus
335 3697 406 3741 oum
428 3676 587 3741 audiverit
608 3695 704 3758 quem
727 3682 816 3740 amat
837 3676 905 3741 fore
927 3683 963 3740 ut
985 3677 1095 3743 eodem
1124 3677 1176 3744 die
1198 3678 1364 3764 Pamphilo

225 3781 305 3828 uxor
333 3759 444 3834 detur,
477 3760 570 3826 valde
600 3759 809 3839 lamentatur,
843 3761 956 3827 deinde
979 3782 999 3827 a
1021 3762 1187 3847 Pamphilo
1216 3765 1299 3847 petit
1326 3769 1364 3830 ut

225 3845 379 3912 auxilium
402 3844 463 3909 sibi
484 3844 568 3912 ierat
582 3844 825 3930 Chremetisque
844 3845 942 3912 filiam
965 3847 1025 3911 sihi
1046 3847 1213 3932 permittat
1233 3849 1293 3932 (ΙΙ,
1320 3854 1361 3929 1).

225 3929 411 4014 Insequenti
438 3949 532 3994 scena
561 3930 607 3996 nil
636 3931 762 3996 omnino
785 3929 863 3996 dicit
884 3931 944 3996 nisi
967 3932 1049 3997 forte
1071 3931 1183 3996 Audin
1205 3942 1239 3997 to
1259 3933 1360 4012 illum,

226 4037 291 4079 rem
314 4027 407 4090 tenes,
431 4019 512 4077 reete
533 4013 622 4086 diois,
646 4014 781 4099 denique
802 4022 962 4080 serratum
985 4035 1018 4081 se
1040 4036 1108 4082 esse
1132 4016 1211 4083 Davi
1233 4017 1362 4098 auxilio,

225 4109 322 4184 atque
344 4101 423 4166 adeo
438 4097 517 4165 satis
531 4098 694 4182 stupidum
708 4120 742 4166 se
757 4099 889 4184 praebet
904 4100 1072 4166 hominem.
1109 4099 1247 4186 Byrrhia
1260 4103 1315 4184 (ΙΙ,
1328 4109 1361 4182 5)
