2900 4658
747 277 789 338 30

198 462 392 527 ‘Terentium
406 462 533 526 ducere
548 459 627 524 arte'
648 459 709 524 hoc
730 465 763 524 et
783 460 824 523 ad
848 467 948 524 artem
972 459 1097 524 dicendi
1120 479 1357 545 personasque

200 547 392 631 depingendi
415 553 449 610 et
469 545 510 610 ad
525 551 626 608 artem
641 545 876 609 contaminandi
891 547 1049 628 pertinere
1068 556 1163 629 puto;
1186 556 1357 627 recteque

199 632 416 700 adnotamium
447 640 496 694 est
526 629 707 694 Terentium
736 631 783 694 ita
811 631 1001 712 coniungere
1030 632 1208 713 complures
1242 629 1356 694 huius

198 717 327 784 fabulae
350 736 461 782 scenas
482 735 521 778 ex
544 715 676 778 diversis
697 714 821 779 duabus
834 715 1001 779 Menandri
1016 715 1132 779 fabulis
1150 715 1355 798 desumptas

199 809 238 868 ut
257 823 296 868 ex
318 821 385 866 nna
405 799 533 864 fluxisse
554 799 732 864 rideantur.
778 799 878 877 Quam
901 819 969 864 rem
992 800 1102 865 Ihnius
1117 801 1164 863 ita
1178 801 1354 882 interpre-

200 895 288 954 tatus
308 893 369 962 est,
402 891 439 950 ut
459 885 629 970 simillimis
650 891 683 948 et
703 889 892 966 argumento
913 893 946 947 et
966 887 1109 950 oratione
1131 886 1266 949 duarum
1289 884 1354 946 fa-

200 972 348 1038 bularum
370 972 460 1054 quasi
476 970 586 1034 eadem
601 969 699 1034 fuisse
713 970 810 1034 verba
824 970 1023 1053 eundemque
1037 991 1201 1034 scenarum
1219 989 1352 1032 nexum

199 1057 429 1124 sententiarum
444 1060 571 1120 censeat
581 1053 826 1137 Terentiumque
842 1054 945 1118 altera
966 1061 1057 1139 parte
1079 1076 1118 1118 ex
1141 1057 1210 1130 hac,
1233 1055 1350 1117 altera

201 1164 240 1207 ex
261 1141 318 1206 illa
339 1140 449 1206 fabula
470 1147 597 1222 sumpta
618 1160 737 1216 scenas,
759 1160 894 1222 quarum
916 1141 1106 1203 mentionem
1128 1139 1270 1211 fecimus,
1293 1137 1351 1201 ef-

200 1226 320 1292 fecisse.
365 1225 427 1290 Sed
450 1231 576 1288 tantum
598 1223 702 1300 abest,
736 1231 772 1287 ut
793 1234 878 1288 recte
900 1224 959 1288 hoc
980 1226 1179 1302 iudicaverit,
1212 1231 1250 1287 ut
1272 1222 1348 1306 ple-

200 1333 334 1395 rumque
356 1332 419 1376 non
442 1309 534 1374 modo
557 1309 698 1391 prolerre
720 1330 782 1372 non
805 1310 961 1392 possimus
983 1310 1036 1374 uhi
1059 1312 1099 1374 sit
1120 1311 1248 1373 initium
1271 1329 1347 1372 soe-

201 1417 262 1462 nae
284 1417 325 1460 ex
346 1396 447 1460 altera
467 1393 576 1458 fabula
598 1401 759 1477 sumptae,
786 1394 839 1458 sed
863 1393 1005 1477 profiteri
1027 1415 1177 1476 cogamur
1198 1415 1237 1458 ex
1261 1413 1345 1455 neu-

201 1489 255 1546 tra
283 1481 342 1546 has
369 1487 478 1564 partes
504 1499 628 1543 sumere
655 1486 780 1561 poetam
809 1479 958 1562 potuisse.
1004 1479 1214 1563 Antiphonem
1236 1500 1257 1542 a
1278 1477 1343 1541 Te-

201 1567 304 1632 rentio
326 1567 489 1631 inventum
511 1583 577 1627 esse
600 1564 662 1627 iam
685 1584 782 1646 supra
803 1563 1014 1640 defendimus;
1046 1568 1141 1628 etiam
1164 1566 1196 1627 in
1220 1563 1343 1627 ceteris

200 1652 343 1736 personis
364 1649 576 1714 describendis
598 1649 746 1730 omnique
768 1649 895 1713 fabulae
916 1650 1041 1714 actione
1069 1669 1162 1712 suum
1192 1653 1340 1713 secutum

202 1757 270 1802 esse
292 1735 452 1818 ingenium
476 1735 638 1816 multaque
660 1754 742 1796 nora
763 1754 834 1797 eum
856 1735 1000 1798 attulisse
1023 1755 1094 1797 cnm
1110 1734 1267 1798 Grauerto
1288 1733 1341 1796 iu-

202 1822 283 1887 dico.
325 1820 435 1903 Neque
455 1818 570 1882 mirum
592 1817 651 1882 hoc
673 1825 730 1881 est.
774 1819 877 1896 Quum
900 1827 1049 1902 quartam
1065 1819 1203 1883 l'ahulam
1220 1817 1340 1882 Teren·

202 1907 267 1972 tius
297 1903 486 1972 Eunuchum
517 1903 683 1980 scriberet,
719 1903 856 1966 multum
889 1905 941 1980 iis,
978 1925 1058 1987 quas
1089 1909 1184 1968 antea
1217 1909 1339 1985 egerat,

201 1991 347 2056 edoctum
368 2010 441 2054 eum
463 1988 640 2072 putaveris;
677 2007 738 2050 non
761 1988 928 2070 ignorabat
955 1989 1067 2071 igitur,
1099 1990 1214 2072 quibus
1241 1988 1340 2052 rebus

202 2075 339 2161 populus
361 2081 610 2138 commoveretur
632 2073 771 2155 quidque
793 2095 871 2155 opus
893 2079 976 2138 esset
997 2080 1034 2138 ut
1054 2073 1164 2138 fabula
1184 2075 1337 2157 placeret.

203 2160 293 2240 Quod
315 2160 427 2224 doctus
448 2164 518 2222 erat
541 2157 616 2240 quin
640 2157 673 2221 id
695 2158 727 2220 in
751 2179 833 2222 nova
848 2158 957 2223 fabula
972 2160 1139 2222 scribenda
1153 2159 1340 2222 adhibuerit

202 2246 276 2330 quis
303 2251 352 2309 est
378 2244 432 2326 qui
461 2242 593 2308 dubitet.
639 2242 769 2325 Iamque
791 2244 899 2326 paullo
921 2244 1120 2307 audaciorem
1144 2264 1216 2308 eum
1238 2243 1339 2307 fuisse

203 2351 300 2415 quam
330 2335 427 2393 antea
454 2328 486 2392 in
516 2328 735 2391 convertendis
756 2327 873 2392 fabulis
895 2329 1024 2392 Graecis
1046 2350 1109 2392 non
1131 2329 1257 2393 videtur
1279 2329 1339 2391 mi-

203 2435 292 2494 rum;
315 2413 454 2478 habebat
467 2413 550 2476 enim
566 2411 692 2476 laudem
708 2434 779 2476 cnm
801 2415 937 2477 universi
959 2414 1069 2497 populi
1091 2421 1158 2478 turn
1180 2413 1340 2478 excellen-

203 2500 284 2565 tium
307 2498 606 2582 praeclarorumque
630 2497 776 2561 virorum.
825 2499 1021 2581 Quamquam
1051 2499 1083 2563 in
1113 2500 1255 2582 personis
1282 2499 1340 2561 de-

108 2642 112 2650 .
204 2583 380 2651 scribendis
400 2603 492 2647 suum
513 2588 639 2646 tantum
661 2583 823 2664 ingenium
845 2604 917 2648 eum
940 2593 1080 2648 secutum
1104 2603 1170 2648 esse
1193 2605 1256 2647 non
1281 2604 1338 2664 pu-

204 2668 354 2747 tandum
390 2675 424 2733 at
451 2667 499 2730 ita
528 2687 601 2730 suos
629 2667 705 2733 fecit
726 2669 863 2733 Graecos
884 2669 1025 2733 homines
1047 2677 1083 2733 nt
1104 2667 1255 2732 Romanis
1283 2687 1340 2732 eos

204 2752 459 2820 accommodaret
479 2759 648 2835 gratosque
669 2753 825 2817 redderet.
859 2763 963 2836 Atque
977 2755 1094 2839 populo
1110 2754 1253 2818 Romano
1269 2753 1338 2837 pla-

205 2839 306 2904 cuisse
321 2837 512 2902 Graecorum
535 2837 661 2901 fabulas
682 2858 701 2900 a
723 2837 870 2903 Terentio
892 2847 1002 2902 auctas
1024 2845 1057 2903 et
1077 2840 1263 2904 emendatas
1285 2840 1337 2902 de·

203 2930 400 2992 monstra-tur
421 2943 458 2986 eo
481 2923 565 3005 quod
586 2923 654 2987 eins
676 2922 848 2987 Eunuchus
870 2924 918 2990 bis
940 2929 1011 2988 eota
1040 2944 1162 2988 summo
1191 2943 1338 2989 successu

204 3016 301 3095 atque
324 3006 475 3089 suffragio
497 3013 530 3071 st
550 3028 660 3072 rursus
682 3008 810 3072 vendita
825 3015 1011 3093 tantumque
1026 3011 1119 3093 pretii
1137 3017 1337 3073 numeratum

205 3102 256 3161 est
275 3103 430 3178 quantum
453 3113 624 3176 numquam
647 3097 743 3156 antea
762 3092 797 3178 ¹).

292 3178 463 3242 Videamus
482 3176 545 3242 iam
569 3178 645 3260 quid
667 3198 687 3239 a
708 3177 854 3242 Terentio
869 3179 1012 3244 additum
1027 3180 1209 3244 iudicemus.
1246 3169 1338 3258 Qube

205 3269 243 3330 ut
262 3261 468 3345 intellegatur
489 3261 575 3327 hand
596 3262 733 3327 alienum
755 3263 880 3327 videtur
902 3270 938 3327 ut
960 3265 1082 3329 omissis
1105 3265 1248 3348 personis
1273 3265 1339 3329 illis

205 3348 316 3414 militis
338 3355 370 3411 et
390 3348 525 3433 parasiti
545 3368 562 3409 e
585 3347 698 3411 Colace
720 3349 855 3430 sumptis
881 3351 989 3432 paucis
1015 3350 1222 3434 explicemus,
1256 3370 1338 3434 quae

206 3432 316 3499 fabula
338 3431 483 3496 Eunuchi
507 3431 691 3496 Menandrei
712 3453 779 3496 csse
802 3434 955 3498 videatur.

291 3516 448 3582 Phaedria
469 3536 592 3580 summe
620 3517 653 3580 in
676 3515 828 3580 Thaidem
859 3519 1054 3583 meretricem
1085 3541 1180 3604 quam
1209 3521 1338 3585 amabat

207 3604 256 3668 ira
270 3609 492 3678 commovetur,
516 3601 590 3685 quia
613 3601 653 3666 ab
675 3622 714 3664 ea
735 3602 878 3684 repulsus
901 3611 985 3680 erat;
1008 3612 1043 3669 at
1057 3604 1153 3669 Thais
1168 3627 1240 3670 enm
1255 3607 1337 3671 bono

208 3689 314 3756 animo
343 3705 410 3749 esse
438 3685 527 3750 iubet
555 3687 658 3770 eique,
691 3687 766 3770 quid
789 3689 827 3752 de
850 3687 1016 3773 Pamphila
1044 3711 1136 3754 serva
1162 3691 1230 3755 fieri
1253 3692 1336 3771 velit,

208 3771 347 3858 exponit.
394 3769 460 3833 Iam
483 3791 555 3834 eum
576 3771 733 3836 Phaedria
754 3774 787 3836 in
810 3772 878 3838 eins
899 3776 1037 3855 gratiam·
1058 3775 1219 3854 rediisset,
1241 3797 1337 3841 eunu-

208 3859 302 3924 chum
324 3860 357 3920 et
376 3873 498 3918 servam
514 3856 715 3942 Aethiopiam
738 3859 766 3923 ei
789 3857 887 3923 donat
905 3860 1192 3944 Parmenoncmque
1214 3883 1337 3926 servum

209 3943 365 4011 adducere
395 3939 490 4003 iubet.
544 3942 592 4006 Ad
625 3941 708 4006 hanc
739 3943 865 4008 fabulae
895 3955 1017 4029 partem
1046 3946 1176 4029 ipsaque
1199 3945 1338 4012 Terentii

208 4062 411 4078 —-.-—--

281 4133 301 4201 ¹)
334 4129 444 4186 Donati.
460 4128 574 4200 praelat.
