2900 4658
632 257 672 318 39

39 437 103 498 sit
135 436 223 501 illud
246 439 378 512 nutricis
400 439 538 502 ‘move0'.
584 439 724 503 Mutasse
745 438 844 521 initur
865 438 925 503 hoc
943 439 1012 506 loco
1022 439 1216 518 Terentium,

43 522 293 587 Menandrum
315 524 361 587 ita
383 526 595 606 composuisse
618 529 696 607 puto
719 525 808 589 utin
831 525 901 607 ipsa
922 545 1018 590 scena
1047 532 1216 609 praesente

42 607 224 672 Chaerea
238 609 404 692 Sophrona
417 629 437 672 a
449 609 615 672 Chremeta
630 611 784 674 arcessita
799 610 890 689 sigua
904 612 1099 694 perspiceret
1118 620 1215 694 atque

44 691 278 775 Pamphilam
302 694 401 758 civem
424 715 492 757 esse
508 703 706 776 agnosceret.
752 696 802 758 lta
822 695 921 776 igitur
942 715 993 760 res
1012 702 1085 760 acta
1100 701 1157 769 est,
1180 701 1217 758 ut

44 787 151 858 prist
168 778 300 860 Pythiae
322 781 418 843 verba
439 801 521 861 quae
543 787 618 842 sunt
640 788 751 862 ‘apage
766 778 807 842 te'
831 779 882 858 (V,
897 784 925 858 2,
938 779 1002 865 65),
1025 801 1097 845 oum
1114 780 1216 845 Chae-

43 883 127 926 rea
151 863 311 946 Thaisque
331 866 364 928 in
387 885 482 927 scena
503 871 615 940 essent,
639 865 790 929 Chremes
812 864 977 928 adveniret
998 887 1069 930 cum
1092 865 1216 944 nutrice

44 951 219 1030 satisque
246 949 342 1030 longa
371 950 515 1013 oratione
544 951 577 1013 in
605 951 676 1032 ipsa
699 970 795 1014 scena
817 949 856 1012 de
878 951 974 1030 signis
997 956 1029 1016 et
1052 951 1216 1034 agnitione

44 1032 204 1114 puellae
227 1037 334 1097 nutrix
356 1040 472 1116 ageret,
496 1034 641 1129 omnibus
663 1034 777 1098 deiude
800 1034 969 1116 illustratis
990 1057 1062 1100 oum
1071 1035 1216 1102 Chaerea

45 1125 93 1180 et
125 1117 253 1182 Thaide
275 1119 404 1184 domum
426 1119 562 1183 intraret
584 1126 621 1183 ut
642 1119 738 1182 etiam
761 1118 929 1202 Pamphila
957 1120 1054 1185 civem
1087 1141 1119 1188 se
1147 1141 1215 1184 esse

47 1203 194 1267 certior
215 1202 314 1281 fieret,
337 1205 572 1286 relinqueretur
593 1204 661 1268 sola
684 1205 823 1288 Pythiae.
869 1204 960 1269 Hanc
982 1207 1052 1288 ipsa
1071 1207 1103 1270 in
1120 1227 1215 1270 scena

48 1289 271 1368 agnitionem
294 1290 401 1353 omisit
420 1289 587 1354 Terentius
609 1310 647 1353 ea
669 1288 802 1353 fortasse
824 1290 863 1353 de
885 1309 996 1366 causa,
1025 1297 1062 1355 ut
1083 1291 1214 1355 nimiam

49 1375 196 1436 vitaret
220 1374 449 1456 longitudinem
477 1375 678 1459 spatiumque
700 1375 833 1438 haberet
855 1373 1048 1441 Thrasonem
1072 1375 1214 1440 Gnatho·

49 1479 211 1540 nemque
225 1461 340 1522 iterum
357 1460 563 1543 producendi.
608 1460 684 1524 llius
700 1460 868 1524 Menandri
890 1480 1003 1524 scenae
1027 1462 1094 1525 loco
1117 1462 1214 1525 iuter·

50 1547 185 1625 posuit
206 1543 242 1620 V,
267 1548 295 1622 2,
318 1548 358 1608 66
386 1567 484 1628 usque
513 1545 555 1609 ad
576 1543 671 1608 finem
695 1551 728 1607 et
750 1545 785 1621 V,
809 1549 838 1622 3,
862 1549 953 1608 2-8.
1005 1546 1110 1610 Minus
1138 1552 1214 1629 apte

51 1649 148 1691 eum
181 1627 292 1692 iecisse
322 1629 387 1692 iam
418 1651 514 1713 supra
544 1632 748 1708 adnotatum,
785 1629 818 1693 id
847 1631 976 1694 minime
999 1631 1213 1719 probandum,

52 1733 179 1795 pauca
200 1714 257 1778 illa
279 1714 463 1798 Sophronae
479 1716 717 1796 Chremetisque
740 1736 812 1778 eum
834 1715 966 1796 Pythiae
988 1737 1095 1780 secum
1117 1715 1215 1802 oolla

53 1798 203 1879 quentis
224 1802 362 1864 sermoni
385 1801 601 1864 immiscuisse.
645 1799 791 1883 Namque
813 1807 849 1864 ut
870 1802 1031 1880 omittam,
1066 1802 1212 1885 Pythiam

54 1884 144 1946 illos
173 1882 253 1947 duos
281 1885 484 1949 advenientes
514 1887 671 1950 videntem
703 1885 813 1969 paucis
842 1885 945 1950 verbis
973 1885 1093 1970 alloqui
1122 1907 1212 1970 opor·

53 1970 188 2046 tuisse,
210 1971 324 2032 mirum
347 1971 472 2034 videtur
494 1972 592 2054 quod,
617 1991 714 2053 quam
737 1970 808 2034 iniit
831 1971 1088 2055 disputationem,
1111 1991 1212 2054 usque

55 2053 110 2116 ad
129 2054 228 2118 verba
244 2057 419 2139 ‘supposuit
433 2055 533 2120 nobis'
547 2057 733 2140 perductam
754 2077 781 2118 v.
798 2060 816 2119 9
832 2056 933 2119 uirum
957 2057 1077 2133 denam,
1101 2077 1213 2140 quam·

58 2159 170 2220 quam
192 2141 404 2223 interruptam
426 2142 485 2219 eis,
507 2161 590 2226 quae
612 2141 762 2205 Chremes
785 2139 950 2220 disseruit,
972 2149 1097 2221 tamen,
1121 2141 1212 2225 quasi

57 2225 117 2288 nil
140 2224 344 2302 interfuisset,
366 2227 577 2309 persequitur.

163 2309 309 2375 Paullum
331 2319 470 2374 mutasse
492 2311 674 2376 Terentium
704 2311 799 2374 etiam
830 2330 899 2373 eam
921 2309 1049 2375 fabulae
1077 2317 1212 2395 partem,

63 2416 140 2476 qua
163 2415 259 2458 senex
279 2403 372 2479 pater
386 2395 562 2461 Phaedriae
585 2398 698 2479 prodit,
720 2395 888 2479 intellegas
907 2394 947 2458 iis
969 2416 1051 2478 quae
1068 2395 1212 2461 Donatus

64 2481 210 2544 adnotat
232 2481 272 2544 ad
298 2481 332 2552 V,
349 2487 377 2558 5,
393 2485 433 2544 31'
457 2483 664 2560 Manifestiue
685 2480 741 2543 doc
762 2480 941 2544 Menander
963 2482 1106 2563 explicat,
1132 2481 1211 2546 iam·

58 2563 197 2646 pridem
218 2564 367 2642 infestum
390 2567 546 2631 meretrici
567 2589 668 2630 serrem
687 2574 757 2648 post
778 2574 958 2647 corruptam
989 2565 1027 2628 ah
1049 2589 1086 2630 aa
1109 2566 1211 2631 Phoe·

66 2651 196 2722 driam;
218 2673 300 2714 nunc
321 2651 444 2714 demum
466 2674 498 2714 se
519 2655 643 2716 inuenta
665 2650 822 2714 occasione
836 2650 1077 2715 vindicaturum.
1117 2651 1210 2736 Apud

68 2735 284 2799 Menandrum
307 2736 405 2817 igitur
427 2738 494 2819 ipse
522 2759 617 2802 senex
644 2738 677 2800 in
707 2757 802 2800 scena
830 2737 932 2816 magis
961 2738 1076 2813 saevit;
1114 2758 1211 2821 quam

66 2820 250 2902 longiorem
273 2823 340 2884 eius
362 2824 536 2886 orationem
558 2823 604 2886 ita
626 2823 740 2885 vitavit
761 2820 927 2884 Terentius
954 2829 991 2885 ut
1016 2843 1141 2886 servum
1170 2823 1210 2886 de

67 2905 207 2970 consilio
228 2906 312 2968 senis
332 2906 520 2972 referentem
542 2907 671 2972 iaceret.

161 2991 229 3054 lam
250 2991 396 3055 omnibus
425 3013 506 3075 quae
535 2993 662 3058 fabulae
691 2991 799 3054 insunt
829 2989 1068 3056 difficultatibus
1098 2991 1210 3056 solutis

69 3076 105 3139 id
130 3079 256 3140 tantum
277 3076 428 3152 restabat,
451 3087 487 3142 ut
508 3079 619 3142 eodem
641 3077 708 3140 fere
730 3076 832 3153 modo,
855 3097 918 3158 quo
936 3076 1075 3141 Andriae
1097 3077 1210 3142 ultima

68 3181 170 3224 scena
189 3159 240 3238 fit,
271 3161 427 3226 Phaedria
448 3165 565 3228 certior
586 3164 678 3227 fieret
699 3162 795 3225 etiam
819 3161 878 3224 sibi
901 3181 1041 3224 amorem
1062 3183 1210 3246 prospere

69 3246 210 3311 evenire.
255 3246 340 3325 Quas
362 3248 403 3310 ad
426 3269 523 3312 novas
545 3271 595 3313 res
616 3245 846 3312 renuntiandas
867 3266 960 3329 quem
983 3247 1137 3330 aptiorem
1153 3268 1209 3330 pu-

71 3342 123 3396 tes
147 3331 290 3395 Chaerea
310 3333 396 3415 ipso:
433 3334 758 3417 Apud-Menandrum
787 3331 886 3412 igitur
907 3331 935 3394 is
956 3339 1025 3394 crat
1047 3333 1151 3396 exitus
1172 3339 1209 3398 ut

71 3419 218 3483 Chaerea
240 3417 333 3480 domo
355 3438 498 3497 egressus
520 3418 655 3483 referret
677 3419 715 3482 de
731 3438 788 3480 sua
801 3416 954 3480 felicitate
971 3416 1209 3500 Phaedriaeque

71 3502 152 3587 quid
167 3503 333 3567 accidisset
348 3506 517 3569 nuntiaret.
541 3504 661 3569 Eadem
677 3503 755 3566 haec
769 3503 878 3565 insunt
888 3501 923 3576 V,
934 3504 1072 3578 8,1-23
1085 3501 1209 3567 omissis

71 3588 185 3672 paucis
207 3587 385 3652 Gnathonis
407 3590 526 3654 verbis:
549 3590 664 3654 ‘Audin
686 3594 721 3652 tu
745 3587 822 3669 quid
845 3585 897 3649 hio
918 3585 973 3649 ait'
997 3585 1032 3659 V,
1055 3589 1083 3657 8,
1107 3591 1135 3665 7,
1159 3595 1207 3651 et:

73 3675 113 3738 ‘N
116 3673 246 3755 nmquid
256 3673 381 3737 Gnatho
392 3674 518 3740 dubitas
528 3675 604 3758 quin
613 3695 671 3756 ego
682 3692 766 3736 nuuc
780 3679 934 3755 perpetuo
945 3671 1113 3753 perierim?
1134 3671 1208 3736 Sine

73 3761 171 3824 dubio
193 3757 314 3841 opinor’
330 3759 366 3837 V,
390 3764 420 3836 8,
446 3763 492 3822 13.
536 3761 579 3823 At
601 3758 749 3822 Terentio
768 3757 804 3820 id
826 3755 942 3838 agenti,
965 3761 1119 3840 utquam
1142 3777 1207 3820 ma·

72 3847 177 3908 ximus
199 3865 404 3928 personarum
427 3843 590 3910 confluxus
612 3846 644 3909 in
667 3862 761 3907 scena
775 3848 866 3917 esset,
890 3839 971 3904 duae
985 3841 1061 3905 illae
1074 3841 1208 3925 parasiti

74 3931 246 4013 militisque
267 3949 420 4013 personae
441 3931 491 3993 ius
514 3950 605 3994 suum
628 3933 795 3993 exsecutae
818 3946 880 3990 non
909 3947 977 3990 esse
1006 3927 1091 3989 visae
1122 3932 1206 3990 suut.

74 4017 195 4081 Thraso
224 4017 257 4079 iu
286 4014 350 4079 fine
378 4021 469 4080 actus
498 4017 604 4098 quarti
626 4015 770 4098 quamvis
791 4011 965 4083 miserrime
987 4032 1082 4074 scena
1102 4031 1208 4075 exces-

75 4110 161 4166 serat
182 4100 261 4166 nihil
284 4101 368 4184 apud
390 4100 543 4165 Thaidem
569 4104 772 4174 consecutus;
808 4117 909 4182 neque
937 4103 1044 4161 huten
1074 4097 1207 4179 parasiti
