2900 4658
620 277 654 339 ll

62 464 239 531 ostenditur
258 461 401 543 fabulae,
425 461 591 545 siquidem
605 458 732 526 Andria
754 483 792 526 en
811 463 944 526 duorum
967 461 1206 528 adoiercentium

59 549 231 635 pavoribus
250 546 433 630 gaudiisque
455 545 660 629 componitur,
684 568 753 611 eum
767 548 846 630 fere
867 547 964 611 roiam
977 551 1136 632 Hecyram
1149 549 1208 612 Te·

61 636 184 701 rentiua
208 655 245 698 ec
266 632 359 697 unius
374 632 530 695 comoedia
545 631 745 696 adolescentia
760 631 910 732 effecerit.
947 632 997 697 Ab
1014 632 1076 698 alio
1091 632 1207 698 deinde

63 722 213 786 additur:
247 721 321 782 Has
336 738 490 800 pascnan
517 716 678 780 Terentius
704 717 828 781 addidit
850 717 1007 799 fabulae,
1033 739 1116 781 nam
1144 739 1207 781 non

64 817 140 871 aunt
166 804 254 887 apud
275 803 508 875 Menandrum,
544 824 582 865 ne
610 796 844 886 τραγικώτερον
859 802 959 886 fieret
987 801 1207 866 Philumenam

64 902 204 975 spretam
233 887 407 971 relinquere
434 886 502 949 ane
529 908 639 969 sponso
663 887 831 968 Pamphilo
852 887 949 950 aliam
973 888 1110 950 ducente.
1157 886 1207 952 Ad

68 978 105 1051 V,
119 981 155 1040 5:
181 976 273 1038 Haec
293 994 385 1035 scena
406 971 538 1036 aiterum
559 993 707 1054 acnuam
725 971 882 1036 Obremeti
902 982 1075 1054 comparat,
1099 993 1139 1035 ne
1152 979 1209 1036 aut

70 1060 230 1125 Charinus
252 1057 349 1121 tristis
370 1057 494 1120 recedat
515 1067 572 1119 aut
593 1078 655 1120 non
726 1056 842 1121 armum
871 1056 1025 1120 rideretur
1049 1055 1206 1120 Philume-

65 1169 138 1210 nae.
188 1144 338 1226 Aliusque
360 1141 502 1205 addidit:
538 1143 611 1206 Hoc
633 1078 816 1224 coliibuium
834 1163 895 1225 per
918 1140 1132 1224 compendium
1152 1143 1207 1223 fa·

67 1231 159 1296 dulae
178 1227 338 1292 inducitur
353 1235 387 1289 ut
401 1249 465 1289 una
479 1226 662 1290 narratione
674 1227 768 1290 etiam
784 1226 937 1308 negotium
957 1227 1093 1291 Obarini
1107 1235 1208 1291 trans·

66 1316 113 1398 iai
130 1312 240 1398 porat.
288 1310 405 1376 Donati
426 1313 616 1375 sententiam
641 1316 768 1375 secutus
791 1313 992 1395 maximeque
1021 1313 1109 1376 nisus
1140 1331 1208 1376 ver·

66 1401 221 1483 hisquae
243 1401 333 1461 sunt:
365 1398 437 1458 Has
455 1417 606 1478 paeones
634 1395 795 1459 Terentius
815 1396 940 1460 addidit
954 1398 1108 1482 fabulae,
1133 1417 1207 1460 narn

66 1508 130 1548 non
152 1492 225 1546 sunt
245 1481 333 1564 apud
353 1481 587 1554 Menandrum,
623 1479 799 1544 Grauertua
822 1502 932 1546 omnes
955 1503 1038 1566 quac
1061 1482 1102 1546 ad
1125 1481 1208 1547 cba-

67 1571 174 1634 rinum
197 1574 229 1632 et
246 1565 412 1649 Byrrhiam
434 1566 596 1649 pertinent
616 1565 745 1630 fabulae
767 1571 874 1649 partas
896 1588 959 1630 non
978 1589 1016 1631 ex
1034 1566 1209 1632 Menandro

66 1655 194 1718 delatas
216 1651 271 1716 sed
293 1651 334 1716 ab
355 1651 424 1733 ipso
440 1651 587 1714 Terentio
608 1651 753 1716 inventas
776 1650 853 1715 vult.
899 1651 961 1717 Sed
983 1651 1083 1735 ipsius
1105 1651 1209 1717 verbis

67 1737 204 1804 refutari
227 1736 304 1800 mihi
327 1735 452 1799 videtur
473 1737 541 1800 eius
562 1737 729 1806 sententia.
752 1758 782 1818 p.
796 1738 880 1799 enim
906 1741 975 1816 187,
998 1759 1070 1802 cum
1090 1759 1129 1802 ex
1146 1739 1209 1800 An·

68 1826 141 1888 dria
162 1842 286 1888 summa
308 1819 488 1900 argumenti
510 1841 529 1882 a
551 1819 698 1885 Terentio
714 1821 815 1903 petita
830 1822 880 1899 sit,
903 1843 985 1904 quae
1003 1822 1045 1885 ad
1058 1822 1209 1886 Andriam

68 1932 88 1974 a
111 1910 237 1973 Donato
259 1905 325 1971 solo
348 1905 514 1968 Menandri
545 1908 670 1970 nomina
699 1904 827 1970 fabulae
856 1927 895 1969 ex
923 1927 987 1988 qua
1017 1907 1118 1990 petita
1146 1906 1210 1971 sint

68 1995 197 2060 nomine
219 2013 280 2055 non
305 1990 413 2054 addito
436 1990 613 2054 afferantur
634 1990 822 2072 fragmenta,
845 2012 883 2054 ea
905 1993 946 2054 ad
962 1991 1129 2056 Menandri
1147 1993 1209 2055 An·

68 2080 172 2144 driam
196 2077 362 2141 referenda
384 2095 450 2139 esse
473 2075 689 2152 demonstrat3
711 2096 751 2138 ex
775 2075 846 2138 aliis
861 2076 886 2139 si
903 2076 1050 2140 attulerit
1066 2076 1209 2142 Donatus

67 2166 249 2246 fragmenta
269 2160 447 2238 comoedia,
471 2179 580 2224 aarum
604 2159 768 2224 afferenda
790 2160 886 2224 fuisse
909 2163 1047 2234 nomina,
1069 2161 1102 2225 id
1125 2161 1210 2245 quod

69 2251 181 2314 fecerit
202 2247 244 2311 ad
268 2244 406 2310 Andriae
429 2245 570 2329 proi.10.
597 2245 776 2309 Perinthiaa
799 2246 927 2310 nomine
949 2247 1043 2311 etad
1069 2247 1104 2322 V,
1128 2253 1157 2325 5,
1180 2251 1209 2325 3,

68 2333 212 2400 Eunuchi
236 2330 364 2394 nomine
386 2330 508 2394 addita.
558 2329 764 2394 Doctissimos
786 2331 869 2395 viros
890 2331 1058 2406 clericum,
1082 2331 1210 2396 Bentle-

67 2423 143 2494 ium,
167 2415 368 2493 Meinekium,
392 2415 472 2479 alios
493 2415 594 2480 allata
616 2414 776 2480 aDonato
799 2415 840 2480 ad
859 2416 1008 2480 Andriam
1030 2417 1211 2498 fragmenta

68 2507 109 2569 ad
134 2502 288 2567 Andriam
312 2500 482 2564 Menandri
505 2499 621 2563 referre
644 2501 819 2564 rectissime
841 2522 904 2565 non
927 2501 1089 2566 dubitasse
1111 2502 1209 2568 adno-

68 2596 127 2653 tat.
175 2591 216 2650 At
244 2607 301 2649 cur
327 2585 390 2649 iam
418 2584 494 2648 hoc:
531 2587 617 2648 Nam
640 2607 702 2648 nan
723 2594 796 2648 aunt
817 2587 905 2668 apud
926 2587 1141 2650 Menandrum
1164 2587 1211 2651 ita

69 2672 229 2756 explicare
261 2670 443 2735 dubitamus
475 2677 512 2734 ut
543 2673 598 2733 sit:
636 2672 723 2733 Nam
754 2693 815 2733 non
844 2681 916 2733 sant
942 2673 1030 2754 apud
1050 2671 1210 2736 Andriam

70 2755 274 2822 Menandri?
320 2758 422 2838 Atque
450 2775 533 2838 quae
563 2761 659 2819 antea
687 2757 807 2838 scripta
839 2762 931 2819 sunt:
968 2759 1041 2819 Hos
1058 2777 1211 2838 personas

75 2839 235 2907 Terentius
257 2840 380 2904 addidit
398 2840 540 2920 fabulae,
567 2840 645 2904 Ihne
662 2840 790 2904 omnino
809 2839 1005 2924 Donat-iesse
1028 2848 1133 2922 negat,
1155 2841 1210 2906 sed

69 2926 217 3010 nugatori
240 2925 365 2989 cuidam
388 2925 515 3001 tribuit,
549 2926 603 3007 qui
626 2925 665 2988 dc
688 2924 827 2989 Charino
849 2932 882 2989 et
905 2925 1040 3008 Byrrbia
1061 2926 1211 2991 Terentio

69 3010 291 3077 adiudicandis
312 3009 479 3074 dicendum
503 3009 564 3074 sibi
587 3017 723 3092 putaret,
747 3017 844 3092 atque
860 3010 943 3075 hanc
958 3011 1149 3075 sententiam
1166 3012 1212 3076 ita

71 3097 205 3183 probare
226 3094 334 3159 studet
356 3098 392 3158 ut
413 3116 495 3176 quae
519 3093 695 3158 afferantur
710 3095 825 3159 Donati
841 3097 967 3159 nomine
983 3095 1024 3159 ad
1037 3097 1116 3160 And.
1129 3096 1209 3180 prol.

75 3188 122 3246 10.
145 3189 179 3246 et
203 3185 251 3244 13.
274 3200 403 3263 prorsus
425 3183 534 3263 inepta
561 3186 594 3243 et
618 3180 744 3256 inania,
782 3201 883 3262 neque
907 3181 1022 3244 hausta
1044 3202 1083 3244 ex
1104 3181 1212 3264 probis

71 3266 255 3332 auctoribus
277 3264 332 3328 sed
354 3265 396 3328 ad
418 3264 594 3328 acuendum
617 3266 778 3346 ingenium
801 3271 834 3328 et·
852 3267 1057 3346 sagacitatem
1074 3266 1208 3350 discipu-

72 3353 176 3416 lorum
198 3372 218 3414 a
238 3349 389 3432 magistro
411 3349 549 3432 quodam
564 3353 695 3413 inventa
710 3349 914 3427 demonstret,
936 3349 976 3414 ob
994 3371 1128 3433 eamque
1144 3372 1212 3416 rem

74 3459 112 3501 ne
134 3435 213 3500 illud
236 3435 379 3518 quidem:
413 3436 487 3497 Has
507 3455 656 3516 perronae
683 3434 845 3509 Terentius
866 3435 989 3498 addidit
1000 3435 1139 3519 fabulae
1161 3457 1212 3500 ve·

73 3523 149 3586 teu's
171 3521 311 3585 auctoris
331 3527 388 3582 aut
410 3540 517 3583 verum
541 3525 642 3603 putet.
686 3525 788 3602 Atque
804 3520 978 3584 rectissime
994 3519 1071 3583 mibi
1087 3520 1213 3586 videtur

74 3608 251 3689 disputasse
268 3604 379 3668 verba:
405 3607 454 3666 Ne
476 3599 709 3690 τραγικώτερον
726 3605 817 3682 fieret
838 3625 880 3669 aa.
907 3605 985 3669 nihil
1008 3607 1136 3670 omnino
1158 3627 1211 3671 va·

73 3693 138 3755 lere
160 3699 258 3772 atque
282 3690 445 3769 nugatorie
466 3711 535 3753 esse
557 3691 732 3766 cuiusdam,
755 3689 810 3770 qui
832 3689 1048 3754 excusandum
1071 3691 1131 3754 sibi
1153 3712 1211 3774 pu·

75 3780 158 3840 taret
179 3775 362 3842 Terentium
384 3780 515 3856 propter
537 3774 679 3838 additam
710 3772 924 3839 tristissimam
946 3773 1078 3839 Charini
1105 3796 1212 3859 perso·

74 3881 159 3924 narn.
204 3858 252 3923 Ab
274 3858 385 3922 eodem
415 3867 568 3940 nugatoro
599 3858 771 3940 eodemque
800 3859 931 3923 consilio
961 3860 1113 3942 seriptum
1143 3879 1212 3924 essa

74 3951 151 4030 puto
173 3943 258 4026 quod
281 3943 455 4007 adnotatur
477 3943 516 4007 ad
540 3943 576 4018 V,
599 3948 634 4006 δε
674 3945 764 4005 Haec
791 3964 882 4006 caena
911 3943 1043 4008 aiterum
1064 3965 1211 4026 generum

76 4051 116 4092 aa.
161 4028 223 4092 Sed
244 4027 353 4111 paullo
375 4029 527 4091 audacius
557 4027 590 4090 id
622 4026 699 4090 mihi
728 4025 867 4092 effecisse
896 4028 1038 4106 videtur,
1070 4028 1110 4093 ob
1140 4049 1211 4094 eam

76 4134 170 4197 quam
185 4112 500 4178 commemoravimus
522 4132 649 4177 causam
673 4133 712 4176 ne
734 4133 774 4176 ea
794 4113 938 4196 quidem:
965 4115 1051 4176 ‘Has
1064 4135 1212 4195 perronae
