2900 4658
635 329 671 389 17

78 531 147 594 qno
180 509 273 587 lacti,
310 512 369 575 viri
398 511 483 574 docti
511 511 596 575 inter
616 531 650 574 se
671 510 874 576 dissentiunt.
918 514 1021 593 Atque
1042 511 1217 578 Grauertus

78 596 212 678 quidem
236 594 274 658 (le
296 596 407 660 fraude
429 595 541 677 Guyeti
570 596 771 676 cogitandum
802 603 898 678 atque
927 595 967 660 ab
994 617 1032 661 eo
1053 598 1128 680 ipso
1155 595 1216 662 levi

78 681 212 744 homine
235 679 336 745 factos
358 701 411 746 eos
434 701 502 744 esse
524 681 667 763 putabat.
710 681 772 745 Sed
796 701 832 745 eo
854 701 916 762 quo
932 681 1059 762 scripsit
1075 689 1216 764 tempore

78 765 122 828 de
146 764 206 828 tali
227 764 338 828 fraude
360 765 492 845 eogitari
515 766 650 829 fortasse
671 771 810 847 poterat,
833 785 917 828 nunc
940 786 1002 829 non
1025 765 1118 841 licet,
1140 785 1216 848 quo·
1327 773 1331 781 '

79 849 171 914 niam
202 853 220 912 5
252 850 411 914 codicibus
441 871 508 916 esse
537 852 684 932 antiquos
706 872 759 914 eos
781 850 1028 916 demonstratur.
1070 849 1216 915 Ceterum

78 935 151 1018 ipse
174 933 293 998 refutat
316 937 528 1000 coniecturam
551 957 657 1012 suam,
690 955 793 1018 neque
814 955 887 999 vero
910 954 929 997 a
955 955 1094 1018 quonam
1115 936 1216 1000 factos

78 1035 137 1082 eos
159 1025 251 1101 putet
273 1023 411 1102 exponit.
455 1021 593 1084 Terentii
614 1041 682 1084 esse
705 1028 815 1104 negat,
841 1021 917 1102 quia
940 1021 979 1084 ab
1002 1020 1069 1084 eius
1090 1028 1161 1084 arte
1181 1028 1218 1098 et

78 1104 244 1185 elegantia
265 1106 430 1184 recedant3
463 1105 541 1168 talea
563 1127 616 1169 eos
639 1127 706 1169 esse
729 1112 834 1189 putat,
861 1109 898 1167 ut
919 1106 1052 1189 antiquo
1074 1112 1216 1188 tempore

81 1188 264 1272 aquodam
288 1189 414 1253 homine
434 1190 526 1254 docto
549 1198 740 1255 retractatus
762 1191 802 1254 sit
827 1189 963 1254 Andriae
992 1192 1112 1268 exitus;
1149 1190 1217 1254 eius

80 1274 209 1355 generis
239 1295 335 1357 opera
365 1277 427 1337 iam
458 1275 677 1356 antiquissimo
706 1282 847 1358 tempore
877 1275 973 1339 luisse
999 1274 1099 1338 addit.
1146 1275 1217 1357 lpse

80 1361 225 1440 Guyetus
247 1360 467 1442 suppositieios
488 1366 520 1424 et
542 1360 688 1425 Terentio
716 1361 811 1443 plane
840 1361 984 1440 indignos
1012 1380 1064 1423 eos
1088 1358 1216 1424 iudicat.

81 1442 206 1508 Contra
230 1443 418 1508 Ritsohelius
446 1448 625 1526 quicunque
657 1444 803 1509 idoneum
835 1465 925 1508 usum
947 1441 1217 1508 comicorum‘lra·

81 1529 169 1598 beat.
191 1549 282 1612 posse
297 1529 346 1592 vel
367 1530 529 1592 tantillum
553 1530 698 1593 dubitare
722 1537 825 1612 negat,
848 1531 923 1611 quin
945 1531 978 1592 in
1002 1529 1083 1593 bono
1105 1537 1138 1593 et
1159 1550 1216 1593 an·

81 1616 174 1694 tiquo
204 1620 298 1696 poeta
326 1635 498 1688 versemur,
530 1621 626 1697 atque
656 1616 840 1696 gravissima
862 1615 958 1677 verba
980 1613 1020 1677 ad
1044 1613 1125 1677 hanc
1147 1633 1215 1678 sen·

81 1698 219 1762 tentiam
241 1720 329 1762 suam
354 1699 571 1764 affirmandam
594 1699 687 1764 affert
703 1703 737 1781 ¹).
783 1699 868 1763 Nihil
891 1720 958 1764 esee
980 1699 1013 1761 in
1036 1698 1105 1762 istis
1121 1699 1214 1761 versi·

81 1784 142 1847 bus
165 1784 248 1866 quod
271 1783 418 1848 Terentio
441 1785 592 1848 Plautove
614 1807 676 1849 non
699 1787 742 1848 sit
763 1783 893 1866 dignum
901 1809 909 1860 ;
943 1805 981 1848 ne
1003 1805 1067 1848 uno
1088 1783 1214 1865 quidem

81 1868 229 1949 exemplo
248 1869 369 1932 ostendi
392 1891 493 1953 posse,
515 1870 596 1934 tales
617 1891 767 1953 umquam
789 1890 897 1933 versus
919 1889 939 1932 a
960 1869 1142 1952 posterioris
1165 1889 1216 1932 ae·

82 1954 163 2017 tatis
181 1953 307 2018 homine
331 1953 431 2020 factos
454 1976 530 2020 esse.
1039 1949 1058 1988 ⁸

168 2071 277 2155 Neque
298 2092 370 2135 vero
393 2078 430 2135 ut
451 2071 589 2136 Terentii
618 2073 690 2134 illos
719 2093 827 2136 versus
856 2092 923 2135 esse
950 2082 1094 2154 putarem
1123 2094 1216 2154 argu-

82 2158 201 2222 mentis
223 2158 287 2220 suis
309 2157 385 2219 mihi
408 2159 574 2240 persuasit.
620 2157 762 2239 Namque
784 2178 854 2221 oum
876 2156 910 2220 hi
933 2177 1042 2222 versus
1056 2158 1134 2222 adeo
1150 2179 1216 2221 eor·

83 2243 187 2325 rupti,
212 2241 401 2305 Doederlino
424 2249 503 2306 teste
527 2263 673 2322 maguam
697 2247 819 2324 partem
842 2263 932 2305 sensu
956 2243 1084 2308 omuino
1106 2263 1217 2307 caren-

83 2336 141 2402 tea
165 2327 254 2392 nobis
276 2327 383 2390 traditi
408 2329 480 2400 sint,
504 2330 596 2391 nimis
618 2328 770 2392 audacter
791 2334 1006 2391 asseveratum
1026 2333 1112 2411 puto,
1135 2327 1215 2392 nihil

85 2414 124 2476 iis
147 2413 249 2476 inesse
272 2413 354 2493 quod
370 2411 518 2476 'Terentio
540 2413 703 2494 indiguum
727 2415 776 2476 sit.
799 2411 950 2475 ⁸decedit
972 2411 1055 2495 quod
1078 2413 1123 2476 ita
1146 2421 1216 2477 tan·

84 2505 154 2562 tum
177 2497 365 2560 senteutiam
390 2517 477 2560 suam
503 2496 694 2560 Ritsohelins
716 2497 830 2581 probat
852 2503 888 2560 ut
910 2518 991 2579 quae
1013 2498 1053 2561 ad
1079 2499 1215 2580 proban·

84 2584 159 2648 dam
188 2583 378 2646 senteutiam
407 2585 503 2646 verba
533 2582 714 2666 pertineant
736 2588 837 2646 mutet
859 2582 960 2666 iisque
981 2583 1139 2665 permulta
1161 2584 1216 2647 ad-

85 2668 151 2732 dat.
195 2667 303 2749 Neque
326 2671 421 2737 enim.
453 2689 518 2750 qua
547 2673 616 2731 arte
645 2688 745 2749 quave
774 2667 890 2731 inertia
911 2665 988 2730 facti
1013 2671 1078 2754 sint
1099 2689 1215 2746 versus,

85 2756 173 2835 prius
194 2752 355 2816 aestimari
378 2753 471 2817 licere
494 2760 596 2837 putat,
619 2773 712 2836 quam
737 2773 756 2816 a
778 2751 909 2826 mendis,
932 2751 1045 2834 quibus
1059 2752 1214 2829 laborent,

84 2837 241 2920 probabili
257 2840 379 2902 ratitine
402 2839 528 2902 liberati
551 2846 582 2901 et
605 2840 637 2900 iu
661 2859 730 2902 eam
753 2837 969 2918 integritatem
990 2839 1128 2902 restituti
1151 2841 1216 2903 sint

85 2943 149 3006 qua
171 2943 187 2985 e
210 2922 355 2986 manibus
377 2931 488 3006 poetae
510 2923 650 3005 prodisse
672 2944 725 2987 eos
741 2921 897 2996 ,credibile
919 2922 967 2985 sit.
1012 2922 1120 3006 Neque
1141 2921 1213 2989 vero

85 3014 169 3071 recte
200 3007 258 3072 hoc
287 3006 423 3086 factum,
455 3015 491 3071 ut
521 3016 622 3071 mutes
650 3014 683 3070 et
704 3006 804 3071 addas
827 3027 863 3070 eo
886 3007 1016 3072 consilio
1038 3013 1074 3071 ut
1096 3007 1212 3073 bonum

84 3093 202 3156 habeas
224 3100 364 3175 poetam,
387 3093 499 3157 deinde
522 3093 638 3157 bonum
662 3092 771 3156 adesse
794 3097 919 3174 poetam
941 3091 1028 3156 dicas
1050 3094 1125 3176 quia
1148 3114 1213 3157 om-

84 3179 139 3241 nia
153 3179 270 3260 optime
286 3198 320 3241 se
340 3177 490 3242 habeant.
533 3177 642 3260 Neque
664 3177 691 3242 si
713 3177 808 3241 verba
830 3197 892 3241 uon
915 3183 1026 3255 mutes,
1049 3176 1212 3242 Ritsohelii

85 3263 274 3327 sententiam
296 3263 423 3344 probari
444 3283 535 3346 posse
558 3269 644 3346 puto.
689 3261 780 3341 Quid,
804 3260 888 3344 quod
918 3261 1014 3326 etiam
1037 3261 1212 3327 Grauertus

84 3347 225 3424 coniecit,
248 3347 380 3423 addidit,
403 3349 538 3412 mutavit
560 3369 666 3410 versus
688 3346 823 3411 traditos
844 3366 946 3429 neque
968 3353 1074 3412 tamen
1096 3345 1213 3412 Teren-

83 3435 128 3496 tio
149 3452 340 3515 quamquam
357 3437 496 3496 mutatos
510 3432 631 3504 tribuit,
654 3431 708 3496 sed
731 3432 851 3496 alienos
866 3431 905 3494 ab
924 3437 993 3495 arte
1007 3437 1040 3495 et
1055 3431 1212 3514 elegantia

84 3519 150 3582 eius
176 3516 304 3580 iudicat.
356 3517 465 3581 Paullo
494 3524 565 3601 post
587 3516 777 3581 Ritsohelius
803 3523 1009 3580 retractatam
1039 3523 1071 3581 et
1099 3537 1211 3583 scenae

85 3602 260 3666 accessione
282 3607 408 3666 auctam
430 3602 569 3666 fabulam
594 3610 625 3666 et
647 3611 816 3685 utrumque
837 3602 954 3664 exitum
979 3600 1117 3666 Terentii
1144 3624 1210 3666 esse

84 3687 177 3765 dicit;
213 3686 246 3749 id
268 3687 345 3751 satis
367 3686 503 3750 diremtu
525 3686 649 3751 difficile
671 3707 753 3761 esse,
787 3690 894 3749 utrum
925 3686 1044 3750 exitum
1074 3687 1208 3771 priorem

84 3771 206 3848 fecerit,
229 3778 334 3834 utrum
357 3773 526 3856 reprobato
549 3773 650 3835 altero
672 3777 782 3856 postea
804 3770 962 3834 adiecerit.
1006 3769 1115 3853 Neque
1136 3793 1209 3835 vero

84 3858 128 3922 ita
149 3857 179 3919 ei
201 3864 324 3920 constat
346 3855 485 3920 Terentii
508 3877 574 3922 esse
603 3857 736 3930 alterum
767 3857 903 3932 exitum,
935 3853 991 3919 sed
1021 3856 1059 3920 de
1088 3855 1209 3920 duobus

84 3942 183 4025 poetis
203 3942 403 4022 cogitandum
428 3947 532 4024 putat,
554 3948 650 4025 atque
671 3962 742 4005 cum
765 3960 858 4024 saepe
880 3945 1099 4024 repeterentur
1119 3939 1209 4004 fabu-

89 4094 285 4103 -.-....—-

154 4179 173 4244 Ι)
209 4191 324 4244 parerga
342 4175 401 4228 594.
