2938 4658
622 1409 896 1620 ludria

277 1802 348 1885 lpse
364 1801 533 1867 Terentius
553 1803 586 1866 in
603 1803 742 1868 Andriae
764 1803 904 1886 prologo,
927 1800 1031 1885 qualis
1052 1801 1218 1865 Menandri
1242 1801 1331 1866 fabu-

192 1885 252 1964 lae,
276 1907 315 1950 ex
337 1886 453 1969 quibus
474 1908 563 1951 suam
588 1888 779 1972 composuit,
804 1887 924 1950 fuerint
946 1887 1145 1968 argumenti,
1179 1887 1257 1950 satis
1279 1886 1333 1950 de·

190 1972 293 2036 clarat
307 1992 379 2035 oum
395 1971 482 2048 dicit,
506 1972 659 2037 Andriam
676 1980 708 2036 et
721 1972 917 2036 Perinthiam
943 1993 1006 2035 uon
1027 1971 1076 2035 ita
1097 1971 1243 2034 dissimili
1265 1992 1334 2036 esse

191 2063 394 2136 argumento,
422 2057 477 2120 sed
501 2063 609 2121 tamen
633 2057 779 2122 dissimili
800 2057 944 2121 oratione
968 2056 1069 2120 factas
1092 2076 1160 2120 esse
1182 2077 1220 2118 ao
1242 2056 1333 2132 stilo;

192 2142 247 2224 qui
270 2143 423 2204 utramvis
444 2150 529 2206 recte
552 2143 645 2219 norit,
668 2163 739 2205 eum
763 2141 873 2206 ambas
895 2161 997 2204 nosse.
1035 2143 1138 2225 Atque
1154 2147 1239 2204 recte
1253 2140 1334 2204 mihi

190 2225 366 2289 Grauertus
382 2229 406 2304 ¹)
434 2225 548 2290 afferre
582 2228 709 2291 videtur
731 2234 954 2307 argumentum
977 2225 1112 2311 duarum
1135 2225 1262 2289 illarum
1285 2225 1333 2289 fa·

189 2310 337 2375 bularum
352 2309 546 2374 Graecarum
569 2320 601 2374 et
622 2316 726 2377 totum
748 2318 781 2374 et
802 2310 997 2392 singularum
1021 2330 1188 2374 scenarum
1210 2310 1332 2374 similli-

189 2415 276 2458 mum
300 2394 405 2458 fuisse.
450 2396 560 2478 Neque
583 2396 711 2460 veroid
735 2397 813 2459 mihi
834 2395 964 2480 probari
986 2401 1098 2477 potest,
1122 2395 1205 2478 quod
1221 2417 1252 2480 p.
1272 2401 1330 2459 174

189 2481 335 2562 exponit:
364 2480 479 2542 Teroua
494 2479 550 2542 hat
565 2504 630 2544 nun
652 2481 718 2544 also
739 2479 808 2543 hier
829 2479 925 2552 nieht.
951 2480 1007 2542 wie
1030 2479 1079 2542 ba·
1098 2481 1187 2543 ienerr
1208 2481 1329 2544 andern

189 2563 364 2626 comoedica
380 2563 447 2641 (sol.
460 2565 544 2628 Eun.
560 2575 589 2629 et
604 2565 758 2648 Adelph.)
774 2565 841 2628 eine
863 2565 985 2647 apiendo
1006 2586 1062 2627 aus
1085 2564 1183 2628 einum
1205 2565 1330 2627 awriten

189 2649 302 2712 drama
324 2647 558 2730 eingeseioltet,
592 2651 684 2714 deren
709 2671 863 2732 personam
890 2649 947 2713 mit
973 2649 1071 2712 denen
1095 2651 1193 2714 seinos
1215 2649 1330 2732 tuopt-

189 2732 365 2797 eretricum
400 2733 550 2815 originale
583 2733 773 2798 dhnliohlreit
811 2735 935 2810 hutten,
973 2734 1107 2797 eundern
1139 2757 1196 2797 aus
1230 2734 1329 2797 oinem

189 2817 314 2882 zoaran
429 2817 595 2882 dielichen
617 2821 731 2882 drama
750 2869 755 2880 .
775 2867 806 2881 ..
834 2819 979 2892 eullehut,
1004 2841 1069 2881 was
1090 2818 1155 2882 siclt
1177 2819 1330 2882 einweberr

192 2901 273 2967 liess.
319 2903 436 2966 Versus
452 2903 550 2986 igitur
571 2903 695 2987 prologi
723 2909 771 2968 13.
793 2910 827 2967 et
852 2909 898 2968 14.
922 2925 960 2969 eo
975 2903 1137 2988 pertinere*
1150 2903 1216 2967 vult
1230 2903 1329 2968 Grau·

189 2994 277 3051 ertus
293 2992 330 3051 ut
343 2987 518 3050 sententias
534 2989 688 3071 quasdam
705 2997 737 3053 et
752 2989 870 3071 figuras
885 2990 1040 3054 orationis
1056 2989 1101 3068 (id
1118 2989 1202 3071 quod
1215 2989 1330 3053 Teren·

190 3073 255 3136 tius
270 3071 413 3155 appellat
428 3072 605 3137 orationem
628 3079 659 3137 et
682 3073 806 3220 stilumq)
823 3075 869 3138 rel
886 3075 970 3138 locos
985 3073 1139 3155 quosdam
1155 3094 1329 3157 paucorum

190 3176 337 3220 versuum
360 3155 476 3220 finibus
497 3158 753 3244 circumscriptos
803 3160 943 3222 orentius
974 3179 1012 3220 ex
1036 3155 1201 3221 Perinthia
1227 3164 1331 3222 trans-

191 3241 302 3305 tulerit
317 3242 349 3305 in
366 3240 519 3306 Andriam
536 3242 695 3307 Latinam.
740 3243 895 3326 Equidem
917 3262 1030 3306 censeo
1051 3243 1229 3325 complures
1250 3243 1331 3306 adeo

192 3345 304 3390 scenas
326 3346 398 3390 eum
421 3326 623 3392 transtulisse
644 3335 702 3392 aut
721 3325 807 3390 'totas
828 3334 885 3390 sut
907 3327 1048 3410 aliquam
1070 3347 1179 3390 earum
1196 3333 1331 3410 partem,

214 3411 341 3494 uodque
364 3431 402 3474 ea
422 3431 457 3475 re
480 3410 624 3491 efficitur,
647 3411 768 3494 aliquid
791 3419 877 3476 certe
897 3411 1081 3476 interfuisse
1097 3412 1180 3475 inter
1195 3412 1329 3476 duarum

190 3433 371 3560 iabularum
395 3502 627 3578 argumentum.
672 3496 742 3560 Hoc
763 3494 849 3560 nullo
872 3497 965 3561 modo
980 3517 1158 3578 repugnare
1175 3504 1251 3579 puto
1265 3495 1330 3560 illi:

193 3581 267 3643 Non
287 3580 333 3642 ito
354 3590 428 3644 runt
448 3580 596 3644 dissimili
616 3589 807 3660 argumento,
830 3602 893 3663 quo
915 3581 999 3663 quod
1023 3601 1080 3643 nos
1102 3583 1254 3644 vertimus
1277 3581 1332 3643 Sia

191 3665 333 3728 stimmen
355 3666 424 3742 fast
434 3687 537 3747 genoe
552 3664 687 3729 abacia.
729 3667 832 3748 Atque
848 3666 879 3729 id
895 3666 1020 3748 quidem
1038 3665 1086 3729 his
1101 3666 1205 3730 verbis
1219 3665 1333 3729 confir·

192 3757 314 3824 matur,
352 3749 432 3812 nihil
457 3749 496 3813 de
518 3770 643 3813 summa
666 3750 805 3815 Andriae
827 3752 1006 3832 argumenti
1028 3759 1184 3814 mutatum
1209 3771 1276 3813 esse
1298 3751 1330 3814 iu

192 3833 372 3909 Perinthia;
409 3833 474 3896 tale
496 3834 579 3897 enim
603 3842 652 3897 est
675 3836 814 3899 Andriae
836 3841 1075 3918 argumentum,
1110 3842 1146 3898 ut
1168 3833 1248 3898 nihil
1269 3834 1332 3899 uisi

191 3937 287 4000 grave
309 3917 484 4001 quidquam
507 3921 625 3982 mutari
648 3941 740 4004 posse
763 3921 842 3985 mihi
864 3921 1019 3985 rideatur.

266 4130 286 4192 Ι)
322 4130 451 4186 analeott.
470 4149 497 4200 p.
517 4134 577 4186 192.
