2900 4658
666 259 702 319 15

111 435 317 585 despoudlsleat.
366 437 517 502 Chremes
539 440 652 504 deinde
669 439 808 504 Charino
827 439 926 505 filiam
950 463 1081 506 uxorem
1103 464 1137 507 se
1161 443 1253 510 ‹latu-

112 541 184 702 rum
199 527 414 671 lliciiriiiisrde
438 607 541 672 verbis
563 609 779 692 versibusque.
824 610 1075 694 Dispulaverunt
1097 613 1157 676 viri
1179 613 1254 678 doc-

112 691 228 755 tissimi
258 713 324 774 quo
353 692 421 758 loco
443 713 538 756 scena
559 700 643 758 esset
664 695 841 758 inserenda.
887 699 991 778 Atque
1014 695 1161 762 Donatus
1183 699 1271 781 qui--

112 775 184 838 dem
204 780 229 856 ¹)
259 778 291 840 in
322 799 379 842 suo
408 779 581 861 exemplari
612 779 670 843 hos
699 799 807 842 versus
838 785 873 843 17
898 780 1011 862 legisse
1036 781 1160 846 videtur
1180 789 1254 866 post

112 859 225 939 verba,
259 883 341 944 quae
363 870 439 928 suut
460 865 523 926 ‘Tu
544 865 634 926 Daue
655 863 709 927 ebe'
728 864 863 928 domum’
886 867 1011 929 omissis
1040 865 1174 930 fortasse
1202 867 1253 932 his

110 945 189 1028 ipsis
211 947 324 1012 verbis.
370 948 415 1012 De
431 947 541 1012 iisdem
559 948 699 1013 versibus
718 949 926 1032 liugraphius,
949 972 1041 1034 quem
1063 957 1109 1015 10.
1126 952 1260 1017 saeculo

110 1031 228 1096 vixisse
249 1039 383 1111 constat,
407 1034 485 1097 haec
506 1033 641 1097 adnotat
662 1034 703 1098 ad
727 1057 755 1098 v.
774 1039 821 1098 ll.
850 1038 915 1117 Age
931 1057 981 1099 me
1003 1037 1035 1099 in
1058 1037 1122 1100 tuis
1143 1058 1253 1101 secuu-

110 1116 179 1181 dis:
216 1117 411 1184 Exhortatur
437 1119 594 1182 Cicurinus
616 1118 819 1200 Pamphilum
841 1119 1048 1184 utensilium
1071 1120 1133 1184 se'br'
1154 1143 1253 1205 prcc-

111 1201 190 1265 bcet.
237 1204 464 1277 ί[0000000100.
488 1203 600 1287 inquit,
623 1204 714 1266 rebus
737 1203 797 1266 tne's
819 1205 936 1287 respice
949 1207 1020 1280 me',
1044 1205 1252 1289 101001000-

111 1295 220 1350 1001010
231 1289 431 1368 Chremetem,
456 1289 561 1353 omnia
578 1296 680 1371 potest
699 1289 807 1367 facere
827 1289 881 1352 itte
903 1312 982 1373 quae
1003 1299 1035 1354 tu
1050 1292 1138 1354 ecles.
1176 1294 1254 1356 Post

111 1371 196 1436 hunc
215 1394 319 1436 versus
340 1385 510 1458 sequnntur
531 1375 717 1438 continentes
738 1374 827 1437 illam
849 1375 1032 1439 sententiam
1055 1377 1252 1459 quemadmo-

111 1458 187 1520 dum
210 1458 286 1520 e'tum
309 1469 354 1522 est
375 1461 420 1523 ad
444 1459 645 1534 Chremetem,
670 1460 928 1542 quemadmodum
950 1473 1094 1523 excretus
1114 1461 1252 1526 Charino

105 1543 290 1625 promiserit
299 1543 423 1628 filiam.
472 1545 535 1607 Sed
555 1544 610 1607 1000
632 1544 781 1607 tollendos
795 1565 858 1606 0000
872 1566 977 1608 ueram
988 1547 1156 1628 persuadet
1170 1548 1255 1631 qued

111 1629 270 1712 sequitur:
311 1629 461 1693 ‘Memini
495 1638 587 1713 etque
622 1631 698 1691 adeo
734 1629 858 1709 tanqum
894 1639 940 1693 est
971 1641 1147 1712 esspectare
1176 1633 1251 1696 dnm

112 1714 225 1776 erect'
249 1714 306 1778 ·Sr'
325 1715 407 1778 enim
437 1724 508 1778 octa
538 1724 610 1777 sunt
637 1715 698 1776 iste
729 1714 834 1776 omnia
861 1713 895 1776 e'n
917 1715 1064 1796 publico,
1101 1717 1251 1800 quemodo

110 1799 177 1860 dici
194 1808 311 1882 potest,
336 1801 470 1863 menime
491 1821 561 1862 cum
582 1807 747 1883 sequatur.-
771 1801 835 1862 ‘Ne
856 1800 1021 1881 exspectes,
1045 1800 1119 1864 dum
1141 1810 1253 1865 exeant

111 1883 192 1948 leuc.-
220 1884 304 1948 intus
325 1885 579 1967 despondebitum
611 1887 696 1947 intus
719 1887 924 1964 transaquas,
959 1885 989 1947 se'
1009 1884 1150 1968 quidest
1170 1886 1254 1970 qued

110 1971 233 2033 restat.'
276 1971 361 2053 Erpa
383 1993 452 2033 cum
480 1969 644 2052 leperimus
663 1968 824 2050 primum:
860 1972 961 2032 ‘Tuus
983 1992 1066 2032 nurse
1093 1971 1249 2054 Chremes,

101 2059 274 2141 facturum
295 2078 374 2139 quae
394 2056 474 2118 ecles
494 2055 556 2118 scio
579 2076 642 2117 esse
660 2053 787 2130 emnin’,
810 2054 954 2117 continuo
969 2054 1112 2119 debemus
1124 2056 1252 2124 subiun-

107 2163 201 2222 pere:
236 2144 351 2224 ‘Atque
373 2141 450 2203 adeo
472 2141 596 2223 tanqum
618 2139 708 2202 illum
730 2149 923 2221 exspectare,
961 2140 1036 2203 dum
1058 2138 1119 2203 me
1140 2143 1251 2206 cecat?

110 2227 165 2288 Ita
188 2225 269 2288 enim
292 2225 454 2304 intepretes
472 2227 520 2310 fit
541 2247 647 2288 sensus
669 2224 798 2286 sublatis
820 2224 955 2287 versibus
977 2225 1033 2308 qm'
1053 2225 1137 2288 intus
1163 2235 1251 2308 peste

108 2311 294 2374 retencbent.
342 2311 389 2374 Ex
412 2311 496 2374 hisee
519 2310 621 2374 verbis
637 2307 812 2373 Grauertus
835 2308 894 2372 sibi
917 2311 1001 2372 visus
1021 2318 1070 2372 est
1085 2310 1145 2374 hoc
1159 2332 1251 2394 posse

110 2395 273 2479 colligere,
297 2395 514 2478 Eugraphium
536 2395 689 2477 reperisse
711 2394 790 2458 istos
812 2414 919 2458 versus
942 2399 1089 2477 postll.:
1114 2399 1182 2476 Ape
1201 2415 1252 2460 mc

109 2483 145 2545 e'n
168 2482 228 2544 tuis
249 2481 391 2544 secundis
412 2481 539 2563 respice.
587 2481 658 2562 lpse
681 2478 857 2542 Grauertus
879 2477 1049 2543 collacatus
1071 2480 1167 2545 fuisse
1196 2500 1252 2546 eos

110 2573 184 2650 post
205 2587 330 2630 versum
357 2571 404 2630 12.
428 2574 460 2630 et
482 2566 614 2630 omissos
636 2564 733 2627 fuisse
761 2562 900 2646 reliquos
924 2564 1068 2628 Bembini
1097 2586 1206 2630 versus
1230 2569 1249 2630 5

110 2657 221 2734 putat3
244 2673 320 2714 num
343 2651 417 2714 illa:
447 2653 494 2714 Tu
509 2653 599 2713 Dare
622 2647 675 2711 act
694 2649 831 2723 domurn,
851 2670 999 2731 propera,
1023 2671 1155 2724 accerse,
1178 2649 1251 2713 ltine

5 2735 7 2738 ’
109 2736 166 2819 qae'
185 2737 337 2815 auferant
359 2758 446 2811 cem,
478 2735 555 2819 qnid
574 2746 656 2810 stas,
681 2733 759 2816 quid
778 2755 896 2805 cesses,
915 2755 959 2796 ee.
1005 2741 1132 2798 servata
1153 2734 1250 2799 luisse

110 2822 203 2898 velit,
232 2823 310 2884 satis
330 2843 393 2886 non
416 2821 622 2903 intellegitur.
668 2817 788 2882 Contra
812 2819 1004 2882 Grauertum
1028 2821 1104 2882 satis
1125 2820 1250 2902 copiose

110 2906 302 2970 Ritsehclius
317 2926 438 2970 errasse
454 2905 624 2982 Donatum,
650 2901 868 2985 Eugraphium
883 2904 1037 2986 reperisse
1060 2903 1117 2968 hos
1140 2925 1250 2968 versus

108 2993 196 3055 iuter
223 2996 269 3054 12.
285 2999 318 3055 et
337 2995 384 3055 13.
408 2990 561 3073 disputat,
585 2996 621 3053 at
640 2988 741 3073 ipsius
756 2988 903 3052 Grauerti
919 2989 1110 3052 sententiam
1125 2989 1251 3068 laudat;

109 3077 165 3140 sed
189 3078 235 3140 ila
258 3097 323 3140 rem
346 3076 486 3153 iustruit,
510 3081 546 3139 ut
569 3074 609 3138 ab
633 3095 670 3138 eo
693 3093 795 3150 versu,
817 3073 873 3155 qni
895 3079 945 3137 ast
971 3074 1014 3135 Te
1034 3074 1249 3155 exspectabam

108 3185 136 3224 0.
151 3183 182 3244 q.
195 3183 236 3234 0.,
261 3182 343 3225 nova
358 3181 452 3224 scena
468 3161 621 3237 ordiatur,
645 3159 685 3222 ob
701 3178 834 3241 eamque
857 3179 923 3221 rem
945 3157 1065 3240 aliquid
1089 3158 1248 3222 adiectum

108 3251 258 3330 oportere
286 3253 378 3328 putet
409 3251 480 3327 post
502 3244 636 3310 Charini
658 3242 755 3306 verba
778 3244 950 3306 Facturum
978 3265 1057 3326 quae
1085 3243 1165 3305 ecles
1187 3243 1249 3306 scio

108 3353 173 3395 0000
194 3330 299 3393 cmm-'a
321 3337 353 3394 01
374 3330 528 3394 excidisse
552 3329 676 3411 aliquos
698 3326 869 3391 versiculos
891 3329 1029 3392 coniclat
1048 3326 1167 3411 hosque
1183 3349 1251 3393 ver·

108 3437 164 3481 sus
185 3415 347 3498 suppleat,
370 3414 483 3480 deletis
505 3415 553 3480 vel
575 3413 720 3491 mutatis,
744 3413 879 3496 quaein
903 3412 1055 3476 Bembino
1078 3417 1166 3491 sunt,
1190 3413 1249 3478 tali

109 3501 204 3567 modo
220 3503 255 3578 2).

200 3589 286 3649 Tuus
314 3594 358 3648 est
387 3607 470 3648 nunc
494 3585 660 3649 Chremes:
691 3585 852 3660 facturum
881 3604 960 3666 quae
988 3581 1068 3645 00100
1095 3581 1158 3646 scic
1186 3604 1250 3647 esse

108 3692 332 3818 omniallmnini
342 3762 432 3837 etque
444 3756 520 3817 adeo
531 3763 566 3817 ut
580 3751 663 3815 celui
677 3752 869 3816 commodum
884 3751 944 3814 luc
958 3773 1050 3815 senec
1064 3752 1126 3815 enit
1137 3753 1249 3833 feros.-

194 3841 307 3904 Secede
329 3839 404 3902 illuc
424 3839 661 3923 aliquantisper.
699 3839 799 3911 Dare,
825 3858 950 3921 sequere
971 3859 1019 3901 me
1040 3837 1107 3901 lucc.
1124 3857 1246 3920 sequor.

108 3961 315 3972 -.,-......--—--

180 4024 201 4092 ¹)
236 4038 330 4076 versus
348 4022 374 4074 ei
390 4025 471 4075 notos
489 4036 547 4072 esse
566 4019 756 4073 demonstrant
772 4034 843 4085 quae
862 4017 897 4071 ad
915 4019 948 4086 V,
966 4019 991 4084 6,
1010 4019 1040 4068 14
1059 4016 1183 4071 adnotet.

179 4093 202 4162 ²)
238 4107 356 4161 parerga
373 4093 433 4146 598.
