2900 4658
758 242 798 302 24

213 431 276 498 lam
299 436 424 496 secutus
447 430 503 508 sit,
539 447 638 510 neque
665 431 772 490 tamen
799 425 858 502 ita,
890 424 981 488 utin
1006 421 1161 506 Adelphis
1185 443 1224 488 se
1249 422 1355 488 fecisse

216 517 283 602 ipse
305 515 432 580 latetur.
902 541 911 570 x

298 601 384 679 Quae
413 619 482 664 cum
514 598 560 660 ita
588 597 667 672 sint,
703 595 785 658 duae
814 616 863 660 res
892 593 972 658 effici
999 595 1075 662 mihi
1100 595 1271 659 videntur.
1320 595 1358 656 Ac

214 685 349 773 primum
374 683 499 768 quidem
524 681 636 745 falsum
659 681 814 745 iudicasse
841 686 917 763 puto
939 680 1065 744 lhnium
1083 685 1108 764 ¹)
1132 681 1359 763 disputantem

213 772 295 839 alias
316 790 441 854 quoque
463 787 613 851 personas
635 773 761 848 praeter
784 766 862 830 duas
884 765 954 840 has,
988 786 1067 848 quas
1097 765 1272 840 nominat,
1307 763 1358 826 Te-

215 857 353 922 rentium
374 875 390 918 e
408 853 520 917 Colace
543 852 752 934 desumpsisse
775 860 807 913 et
830 848 996 914 nonnullas
1010 850 1153 914 Eunuchi
1165 849 1361 914 Terentiam

214 959 365 1026 personas
386 940 417 1002 in
442 944 575 1020 utraque
598 935 707 1000 fabula
730 935 896 1000 Menandri
918 934 1022 999 fuisse.
1067 935 1279 1018 Quamquam
1306 934 1362 996 hoe

215 1027 242 1092 ei
266 1023 515 1099 concedendum,
546 1022 626 1085 tales
648 1041 811 1103 personas,
842 1020 951 1104 quales
973 1027 1045 1084 sunt
1066 1020 1165 1084 Thais
1187 1019 1360 1094 meretrix,

216 1108 371 1176 Phaedria
393 1108 589 1183 adolescens,
622 1105 775 1169 Parmeno
804 1126 912 1170 servus
941 1104 973 1168 in
1003 1125 1193 1187 unaquaque
1217 1105 1295 1168 lere
1319 1103 1362 1167 ia·

214 1194 289 1260 bula
311 1195 413 1258 inesse
435 1212 541 1278 posse,
564 1196 671 1255 tamen
694 1210 762 1254 eam
787 1191 825 1255 ob
849 1210 975 1254 causam
998 1212 1059 1254 nou
1083 1191 1169 1254 dicat
1190 1190 1360 1272 quispiam

216 1299 340 1344 necesse
363 1299 445 1354 esse,
479 1276 665 1341 Phaedriam
684 1279 722 1339 tt
746 1276 972 1339 Parmenonem
1002 1275 1125 1339 duabus
1153 1274 1204 1338 his
1233 1273 1362 1338 fabulis

214 1364 352 1429 infuisse.
386 1362 520 1426 Militem
543 1368 574 1424 et
595 1361 769 1444 parasitum
793 1363 825 1424 in
843 1361 995 1424 Eunucho
1008 1359 1202 1425 Menandreo
1218 1359 1361 1424 infuisse

214 1449 377 1514 contendit
405 1467 531 1511 necesse
560 1456 649 1509 ratus
679 1445 809 1508 rivalem
836 1447 930 1508 etiam
962 1446 1070 1510 adesse
1101 1443 1185 1527 apud
1217 1444 1360 1508 Menan·

216 1534 316 1610 drum,
339 1533 378 1597 ob
393 1553 485 1615 quem
503 1531 659 1596 Phaedria
682 1551 735 1593 rus
759 1532 914 1594 mittatur.
959 1530 1114 1612 Equidem
1138 1528 1250 1593 dubito
1276 1550 1359 1593 num

214 1619 246 1684 in
263 1618 427 1683 Menandri
443 1617 595 1680 Eunucho
621 1615 703 1678 alter
724 1623 848 1680 amator
868 1615 964 1678 suerit
979 1615 1149 1679 Thrasonis
1164 1613 1358 1678 Terentiaui

215 1703 326 1782 modo;
364 1701 438 1766 talis
467 1703 549 1765 enim
587 1701 613 1763 si
652 1699 820 1775 adfuisset,
858 1700 1027 1763 verisimile
1059 1705 1107 1763 est
1137 1699 1356 1763 Menandrum

216 1809 286 1852 euro
309 1788 341 1850 in
364 1807 488 1852 scenam
512 1785 716 1850 inducturum
739 1785 844 1848 fuisse.
889 1784 998 1868 Neque
1014 1805 1086 1848 vero
1104 1783 1271 1848 Menandri
1289 1784 1358 1848 fuit

215 1879 263 1937 tot
284 1891 434 1955 personas
455 1870 636 1954 producere.
683 1869 729 1932 Ea
750 1870 820 1954 ipsa
841 1869 1000 1946 decanea,
1022 1875 1059 1932 nt
1073 1869 1180 1952 plures
1196 1889 1357 1952 personas
1424 1871 1425 1914 l

214 1959 245 2022 in
269 1977 394 2021 scenam
417 1957 621 2039 produceret,
649 1955 880 2018 contaminasse
902 1953 1083 2018 Terentium
1107 1955 1191 2018 infra
1213 1975 1356 2018 comme-

215 2042 396 2106 morabitur.
443 2040 553 2123 Neque
574 2039 746 2122 quidquam
770 2047 818 2103 est
839 2061 952 2103 causae
976 2039 1066 2103 lhnio
1089 2060 1145 2103 cur
1167 2038 1288 2104 iudicet
1318 2041 1353 2103 in
1427 2051 1428 2094 l

215 2127 381 2190 Menandri
406 2125 556 2190 Eunucho
588 2125 720 2188 militem
750 2131 923 2188 amatorem
949 2123 1185 2207 Phaedriaeque
1214 2125 1353 2190 rivalem
1428 2113 1429 2150 ¹

214 2212 319 2277 inisse.
370 2210 450 2275 Nam
481 2211 555 2294 quid
585 2207 679 2274 affert
708 2209 865 2273 adnotans
892 2231 955 2273 nou
983 2209 1080 2273 semel
1103 2209 1293 2274 Eunuchum
1318 2215 1354 2276 et
1430 2233 1431 2280 l

214 2296 347 2360 militem
367 2295 399 2359 in
423 2296 533 2359 eadem
555 2293 664 2359 fabula
686 2291 805 2357 fuisse?
848 2293 950 2358 Rivali
966 2295 1094 2358 omnino
1110 2315 1187 2377 opus
1202 2317 1266 2359 non
1284 2301 1351 2372 esa
1431 2293 1432 2336 l

214 2379 291 2465 quid
313 2400 372 2443 non
395 2380 464 2444 fieri
487 2381 598 2463 potuit,
622 2386 658 2443 ut
679 2379 785 2461 aliquo
808 2379 901 2444 modo
916 2383 999 2442 inter
1016 2379 1202 2443 Phaedriam
1229 2386 1259 2444 et
1283 2401 1352 2444 me-

215 2466 362 2530 retricem
393 2465 550 2529 discordia
580 2470 737 2540 oreretur,
770 2463 905 2528 fortasse
933 2465 1009 2546 quia
1037 2473 1094 2528 aut
1114 2463 1210 2528 Thais
1242 2467 1351 2530 nescio

214 2571 278 2634 qua
299 2550 416 2632 ingenii
440 2550 615 2614 mobilitate
637 2549 776 2612 adducta
798 2569 869 2612 eum
891 2551 1045 2613 reiecerat
1066 2555 1123 2613 aut
1150 2552 1226 2631 quia
1248 2549 1350 2616 Phae-

215 2635 285 2699 dria
312 2655 333 2698 a
363 2635 548 2718 propinquis
574 2634 747 2717 increpitus
777 2641 809 2696 et
839 2633 878 2698 ob
909 2655 1031 2698 amores
1054 2654 1127 2698 suos
1149 2635 1351 2719 vituperatus

215 2741 284 2784 eam
307 2719 450 2784 deserere
473 2720 690 2783 constituerat.
736 2717 826 2782 Hanc
848 2720 937 2784 cuius
958 2719 1042 2803 apud
1068 2719 1261 2785 Menaudum
1286 2721 1351 2785 ini-

215 2805 260 2870 tio
288 2803 414 2869 fabulae
444 2804 562 2870 mentio
590 2802 687 2868 fiebat
715 2823 843 2867 causam
873 2805 978 2868 omisit
1000 2804 1166 2869 Terentius
1187 2805 1348 2890 aliamque

215 2890 367 2954 incertam
390 2889 526 2973 reliquit.
573 2889 618 2952 hd
641 2888 701 2953 hoc
723 2887 841 2971 optime
863 2890 1020 2972 pertinere
1045 2897 1120 2974 puto
1136 2889 1234 2955 Persii
1258 2891 1346 2957 satir.

217 2973 253 3053 V,
278 2979 332 3039 161
359 2973 468 3050 ‘Dave
491 2973 566 3051 citu,
588 2973 647 3038 hoc
669 2975 777 3038 credas
799 2974 892 3039 iubeo
914 2997 940 3039 e.
965 2998 994 3058 q.
1018 2974 1053 3038 s.'
1096 2974 1268 3041 Mutavisse
1290 2977 1346 3042 Te-

216 3061 352 3123 rentium
368 3066 461 3142 putes
476 3060 602 3123 initium
615 3059 742 3122 fabulae
751 3059 962 3124 Menandreae
978 3061 1164 3144 breviusque
1186 3060 1296 3125 fecisse
1308 3063 1345 3145 ²).

216 3143 276 3208 Sed
302 3144 375 3208 licet
395 3145 604 3208 concedamus
627 3143 800 3208 Phaedriae
828 3145 975 3219 rivalem,
1009 3145 1141 3208 alterum
1172 3153 1346 3212 amatorem

216 3229 311 3293 etiam
328 3230 359 3292 in
369 3228 536 3293 Menandri
548 3229 697 3292 Eunucho
713 3230 744 3292 in
760 3229 864 3306 fuisse,
888 3251 948 3294 non
965 3231 1125 3295 invenitur
1139 3251 1234 3295 causa
1249 3253 1349 3316 quare

218 3316 407 3378 accessesit
429 3334 500 3377 eum
521 3313 616 3377 fuisse
638 3313 780 3378 militem.

302 3397 363 3462 Sed
386 3399 550 3462 redeamus
572 3397 613 3460 ad
628 3396 660 3461 id
675 3399 758 3480 quod
775 3401 911 3482 aggressi
928 3419 1053 3463 sumus:
1077 3400 1209 3466 Servum
1223 3424 1349 3486 quoque

218 3482 313 3546 luisse
335 3485 368 3547 in
391 3483 505 3548 Colace
535 3479 697 3549 contenda
720 3483 830 3546 lhnius
858 3485 925 3547 eius
957 3505 1124 3565 personae,
1156 3508 1237 3570 quae
1267 3489 1350 3552 alter

219 3577 342 3632 amator
368 3576 437 3632 erat
464 3569 497 3632 in
521 3567 649 3645 Colace,
684 3566 767 3629 hunc
789 3567 924 3630 alterurn
947 3575 1119 3634 amatorem
1142 3571 1239 3636 fuisse
1261 3579 1350 3637 ratus

220 3651 415 3718 Phaedriam.
460 3652 520 3717 Sed
544 3651 615 3716 ride
636 3671 731 3735 quam
747 3651 915 3716 artificiose
930 3651 1110 3718 Terentium
1127 3656 1251 3721 fabulas
1266 3679 1349 3723 com·

220 3737 358 3822 posuisse
373 3743 480 3817 putet:
505 3737 601 3802 Suum
618 3737 779 3820 ingenium
795 3744 936 3802 secutum
959 3742 1103 3821 quamvis
1124 3742 1255 3807 minima
1277 3763 1348 3806 eum

219 3821 412 3905 excogitasse
442 3829 551 3903 negat,
589 3821 669 3886 servi
698 3822 739 3887 ad
771 3822 874 3909 ipsum
905 3823 1049 3888 Eunuchi
1078 3824 1204 3891 fabulae
1231 3827 1347 3894 nodum

227 3967 422 3980 ...-.....--

185 4077 189 4090 .
291 4034 310 4098 ¹)
347 4033 466 4102 Quaestt.
485 4029 593 4086 Terent.
613 4049 639 4100 p.
660 4036 699 4088 15.

290 4103 313 4172 ²)
349 4103 376 4160 0.
397 4101 427 4157 0.
446 4099 560 4166 Miller,
577 4102 643 4156 hist.
662 4103 702 4158 lit.
722 4103 817 4160 Graec.
836 4105 870 4171 11,
889 4107 947 4159 276.
