2900 4658
764 270 803 332 10

214 449 354 514 Andriae
374 452 485 516 eadem
507 450 711 518 inveniantur
732 453 765 517 in
788 451 952 518 Perinthia
967 457 1100 538 quisque
1117 458 1176 521 hoc
1192 459 1269 522 vitio
1285 480 1352 523 ver·

214 539 263 599 tat
285 534 471 600 Menandro.
516 535 598 614 Quid
623 538 708 620 quod
730 537 874 603 Donatus
896 539 990 604 affert
1011 541 1059 625 (id
1074 543 1239 625 quodiam
1256 564 1353 628 supra

212 619 541 706 commemoravimus)
562 621 642 686 duos
665 623 750 688 locos
771 623 908 688 alterum
936 627 977 690 ad
1008 647 1117 691 vorsus
1147 633 1181 691 ll
1213 629 1351 692 alterum

212 704 254 770 ad
277 708 317 769 20
339 705 370 770 in
394 711 530 788 utraque
559 706 670 771 fabula
700 709 819 792 positos
846 711 935 774 esse?
982 713 1083 794 Atque
1114 713 1160 776 ita
1189 719 1351 778 versatum

211 811 279 856 esse
301 789 482 854 Terentium
506 790 538 854 in
561 791 717 858 imitando
732 793 940 859 Menandrum
963 807 1050 880 puto,
1073 805 1195 862 utnon
1218 799 1354 881 sumptis

212 875 281 940 eius
302 874 419 940 fabulis
440 876 481 940 ad
512 876 640 941 verbum
669 885 869 942 converteret
898 881 982 962 quod
1011 881 1156 963 legisset,
1192 882 1249 947 sed
1279 904 1351 946 cnm

212 960 352 1026 studiose
374 966 470 1044 atque
492 961 682 1045 compluries
704 983 758 1026 eas
780 965 965 1047 perlegisset
980 968 1120 1050 satisque
1136 968 1292 1032 memoria
1308 973 1353 1031 te-

213 1051 303 1110 neret
332 1051 366 1109 et
397 1051 584 1128 argumenta
617 1055 650 1111 et
677 1046 778 1124 dicta,
817 1049 858 1112 ad
883 1050 1084 1116 scribendum
1114 1073 1147 1115 se
1177 1053 1353 1116 contulisse

212 1129 321 1196 electis
343 1131 382 1196 iis
404 1152 486 1214 quae
509 1138 671 1214 praestare
694 1132 885 1198 riderentur.
931 1136 978 1198 Ex
1001 1136 1124 1199 Andria
1153 1137 1251 1216 igitur
1280 1137 1354 1200 fun-

211 1215 362 1280 damento
390 1217 509 1301 petito,
541 1217 651 1300 paucis
673 1238 753 1300 quas
775 1218 870 1282 attuli
894 1220 1075 1285 Perinthiae
1097 1222 1200 1285 scenis
1222 1221 1353 1301 additia,

212 1321 283 1364 cum
301 1301 482 1366 Perinthiae
504 1303 607 1366 oratio
629 1303 735 1366 minus
756 1303 785 1367 ei
809 1303 949 1387 placeret
964 1327 1059 1388 quam
1077 1306 1216 1370 Andriae
1227 1307 1263 1389 1),
1290 1310 1354 1370 An-

212 1384 301 1450 driae
328 1387 504 1452 orationem
534 1387 679 1451 imitatus
708 1393 772 1463 est;
807 1394 948 1454 attamen
981 1411 1052 1455 cum
1085 1391 1118 1454 in
1151 1398 1292 1455 mentem
1323 1392 1353 1454 ei

212 1472 373 1538 venissent
387 1471 569 1536 Perinthiae
585 1493 694 1536 versus
713 1479 920 1556 praestantes,
943 1497 996 1540 eos
1018 1475 1153 1558 scripsit.
1199 1477 1268 1540 Non
1294 1476 1353 1558 igi-

211 1563 265 1622 tur
288 1557 397 1620 mirari
425 1557 500 1622 licet
527 1559 555 1622 si
587 1557 698 1621 eadem
728 1557 823 1622 verba
848 1559 895 1622 vel
917 1561 1047 1624 eaedem
1070 1563 1249 1625 sententiae
1271 1582 1353 1645 quas

211 1643 288 1728 qnia
316 1641 356 1708 ad
386 1662 498 1706 scenas
531 1664 570 1707 ex
596 1642 716 1706 Andria
744 1649 887 1728 sumptas
915 1646 1093 1728 pertinent,
1124 1647 1155 1709 in
1180 1646 1352 1710 Menandri

214 1728 334 1794 Andria
354 1729 475 1812 positas
497 1728 668 1812 putaveris,
691 1727 723 1791 in
748 1728 912 1792 Perinthia
935 1733 1072 1813 scriptae
1095 1731 1191 1795 fuisse
1214 1752 1355 1795 comme·

210 1819 385 1880 morantur.
428 1811 538 1897 Neque
561 1833 632 1880 cum
654 1812 686 1875 in
710 1813 850 1878 eiusdem
871 1817 1051 1897 argumenti
1073 1816 1190 1881 fabulis
1212 1816 1352 1900 permul-

211 1906 262 1965 tos
282 1899 368 1964 locos
389 1901 435 1964 ita
457 1904 658 1983 comparatos
681 1918 748 1963 esse
771 1919 896 1962 necesse
929 1901 971 1964 sit
999 1906 1034 1965 ut
1064 1903 1094 1964 in
1128 1906 1264 1984 utraque
1294 1908 1352 1965 tuo

210 1985 279 2049 iure
303 2005 415 2066 ponas,
450 1983 591 2048 Andriae
617 1982 749 2048 latinae
779 2005 904 2048 scenam
933 1987 1093 2069 quandam
1122 2007 1161 2050 ex
1184 1986 1353 2050 Perinthia

210 2068 401 2136 translatam
424 2090 491 2134 esse
513 2090 551 2133 eo
573 2068 784 2134 demonstrari
806 2070 880 2134 licet
902 2071 984 2154 qnod
1009 2070 1223 2153 fragmentum
1241 2071 1351 2135 Perin-

211 2155 298 2220 thiae
329 2154 455 2219 nomine
483 2153 636 2219 traditum
665 2152 697 2216 in
730 2177 769 2220 ea
796 2175 890 2220 scena
920 2157 994 2238 poni
1023 2162 1129 2240 potest
1150 2155 1191 2220 ad
1214 2176 1351 2238 eamque

210 2239 357 2323 quadrat.
410 2241 498 2318 Quae
522 2239 702 2304 Perinthiae
732 2240 908 2306 afferuntur
936 2241 1115 2323 fragmenta
1143 2243 1305 2323 pertinent
1322 2245 1351 2320 ²)

210 2325 346 2390 alterum
370 2325 411 2389 ad
435 2325 458 2403 Ι,
485 2331 510 2400 l,
533 2325 662 2388 terrram
687 2325 727 2389 ad
750 2327 809 2402 ΙΙΙ,
832 2332 861 2404 4,
884 2330 920 2388 21
949 2327 1138 2406 (Grauertus
1169 2326 1236 2389 vult
1258 2326 1298 2389 ad
1326 2328 1350 2400 Ι,

211 2410 299 2474 5vel
327 2409 383 2484 ΙΙΙ,
408 2414 455 2489 5);
493 2416 641 2493 quartum
671 2416 703 2475 et
734 2413 904 2495 septimum
937 2411 978 2475 ad
1003 2413 1038 2488 V,
1062 2417 1097 2483 4:
1135 2411 1283 2494 quintum
1307 2412 1350 2475 ad
1440 2463 1441 2504 Ι

210 2495 234 2572 Ι,
250 2503 284 2570 4;
307 2500 431 2558 sertum
454 2495 494 2560 ad
518 2494 558 2572 ΙΙ,
576 2500 604 2571 2,
621 2499 671 2560 32.
715 2495 777 2560 Sed
800 2496 880 2570 ride,
903 2516 980 2559 num
1003 2496 1060 2560 has
1075 2495 1216 2559 Terentii
1235 2517 1350 2560 scenas
1440 2505 1441 2574 Ι

208 2601 247 2645 ex
271 2579 434 2644 Perinthia
456 2579 630 2645 translatas
651 2581 786 2659 iudicos;
823 2601 896 2645 nam
927 2601 998 2643 cum
1026 2581 1066 2644 ad
1091 2601 1145 2644 eas
1168 2599 1248 2664 quas
1270 2602 1351 2644 enu-
1440 2603 1441 2608 ¹

208 2665 326 2731 meravi
357 2685 467 2728 scenas
491 2664 629 2728 Andriae
651 2686 776 2750 quoque
798 2665 1013 2730 Menandreae
1043 2665 1221 2747 fragmenta
1249 2668 1350 2750 perti-

209 2752 357 2829 neant3),
391 2749 499 2813 eodem
524 2754 580 2812 tuo
602 2751 671 2814 iure
693 2772 732 2815 ex
756 2751 876 2815 Andria
898 2751 1095 2814 Menandros
1118 2752 1271 2833 repetitas
1292 2773 1349 2814 eas
1440 2753 1441 2810 i

208 2837 348 2900 statuas:
389 2834 600 2914 Quamobrem
631 2857 693 2899 non
723 2843 808 2900 recte
836 2835 941 2900 facere
967 2842 1045 2919 puto
1068 2836 1259 2900 Grauertum
1284 2837 1348 2902 effi·
1440 2833 1441 2920 Ι

207 2922 342 2987 cientem
374 2940 429 2983 eas
455 2940 566 2984 scenas
593 2921 737 3004 adquae
761 2921 943 2985 Perinthiae
964 2919 1144 3002 fragmenta
1165 2923 1348 3004 pertineant

208 3005 378 3071 Menandri
402 3005 584 3069 Perinthiae
606 3005 792 3070 tribuendas
813 3026 889 3070 esse.

292 3090 353 3154 Sed
376 3089 545 3172 quonimus
561 3090 692 3154 Charini
716 3097 749 3155 et
774 3091 926 3173 Byrrhiae
949 3111 1100 3174 personas
1121 3111 1161 3155 ex
1183 3091 1348 3156 Perinthia

207 3179 239 3242 in
264 3175 417 3240 Andriam
441 3195 530 3238 suam
554 3175 736 3240 Terentium
760 3177 961 3240 transtulisse
983 3185 1130 3258 putemus
1152 3175 1278 3241 obstare
1301 3179 1346 3241 vi-

208 3263 325 3328 dentur
354 3259 474 3325 scholia
504 3266 600 3342 etque
628 3261 811 3326 testimonia
834 3261 951 3325 Donati
980 3263 1107 3326 nornine
1135 3260 1255 3326 addita.
1303 3267 1347 3328 Ac
1440 3277 1441 3280 ’

208 3347 345 3431 primum
361 3345 488 3429 quidem
505 3345 546 3410 ad
559 3345 600 3422 ΙΙ,
616 3351 630 3409 1
648 3346 839 3410 adnotatur:
863 3349 904 3409 In
920 3345 977 3410 hoc
992 3345 1140 3430 colloquio
1155 3351 1255 3409 altera
1267 3370 1347 3430 pora

280 3502 299 3569 'l
336 3503 444 3558 facilins
462 3501 548 3562 enim,
573 3501 625 3554 nisi
643 3502 826 3569 praestitisset
844 3503 963 3556 Andriae
980 3503 1082 3568 oratio,
1102 3507 1131 3556 et
1148 3504 1299 3559 orationem
1318 3511 1347 3560 et

209 3571 822 3710 aragengagepantpgagappaml
850 3641 931 3696 aa

276 3713 300 3780 ³)
336 3683 461 3767 Andriae·
474 3660 719 3782 fliiagmeritornm,y
753 3728 804 3766 uae
821 3681 885 3765 dunt
902 3679 976 3780 apud
993 3711 1133 3774 Mainake,
1160 3715 1342 3771 com.(1'raec.

207 3785 253 3850 IV,
271 3786 306 3838 83
325 3800 347 3836 e.
366 3800 392 3851 q.
411 3801 431 3836 n.
450 3787 577 3838 octavum
595 3785 624 3835 τί
640 3779 675 3849 δή
694 3799 748 3834 ποτ
775 3778 899 3844 ἀκούσω,
919 3781 1039 3850 pertinet
1056 3782 1090 3834 ad
1109 3783 1157 3844 ΙΠ,
1176 3787 1247 3846 4,Ιὸ
1266 3787 1344 3854 quid·

208 3872 271 3908 nam
290 3851 400 3921 andini,
435 3851 621 3921 fragmentum
645 3869 746 3907 nonum
766 3851 874 3906 ἐνθένδ’
893 3846 1048 3922 ἀποφυγὼν
1066 3848 1115 3931 oria
1134 3848 1170 3902 ἂν
1188 3849 1344 3924 ἀπολοίμην

209 3925 276 3978 ποτέ
292 3925 326 3977 ad
339 3923 387 3988 ΙΙΙ,
405 3927 428 3990 5,
442 3923 466 3987 5,
485 3939 540 3990 quo
552 3924 613 3979 loco
625 3925 680 3978 est:
700 3923 815 3976 Posthac
833 3922 987 3976 incolomem
1006 3925 1050 3974 sot
1065 3937 1120 3972 soro
1133 3924 1199 3990 sore
1217 3943 1258 3976 me
1276 3943 1344 3979 nanc

207 3995 233 4047 si
250 3993 298 4046 hoc
316 3992 399 4047 dendo
412 3993 529 4050 malam:
550 4011 665 4062 quorum
678 3994 824 4048 verborum
836 4010 944 4047 sensum
957 4009 1015 4045 esse
1025 3991 1147 4044 Donatus
1160 3993 1254 4046 affert:
1277 3995 1342 4048 Tam

209 4063 372 4146 difficile-ml
388 4061 453 4149 king
468 4061 622 4148 evaderent
639 4062 688 4133 qui
703 4063 763 4116 hinc
781 4063 893 4116 evaserit
908 4061 1028 4144 elidentur
1041 4059 1200 4142 immortalia
1212 4065 1342 4132 saherus:

209 4135 401 4190 duodecimum
420 4149 499 4191 ουτος
516 4149 598 4191 curor
615 4133 697 4186 ἐστιν.
733 4134 769 4187 ad
786 4134 818 4200 V,
836 4135 906 4202 4,10
925 4150 964 4186 arc
981 4130 1056 4186 Crito
1074 4131 1121 4187 hrc
1139 4137 1190 4186 est.
