2900 4658
650 286 670 346 7

172 467 233 532 Sed
250 467 289 532 de
306 468 406 553 ipsius
422 469 604 550 argumenti
618 469 743 532 ratione
759 468 921 535 videamus
935 469 1035 551 infra3
1058 473 1231 556 perlustre-

80 573 158 618 mus
181 554 244 617 iam
268 554 461 619 testimonia.
506 553 594 618 Nihil
616 554 744 635 grayius
767 561 926 619 mutatum
949 555 1128 621 affirmatur
1148 564 1230 623 teste

82 639 215 704 Donato
236 639 285 703 'ad
311 639 434 722 prologi
455 660 484 702 v.
509 643 557 703 10.
581 638 779 703 adnotante:
805 640 917 702 Prima
939 663 1030 705 scena
1048 641 1231 706 Perinthiae

76 746 185 807 paene
207 723 304 787 isdem
326 721 424 786 verbis
446 723 555 807 quibas
580 723 706 786 Andria
728 725 824 808 (corr.
850 726 1009 808 Andriae)
1031 725 1148 810 sarpta
1169 737 1225 791 eet.

83 810 177 887 Quae
206 829 302 872 scena
330 829 401 872 curn
432 828 484 872 res
511 815 606 872 antea
628 814 733 889 gestas
760 815 792 872 et
814 809 856 873 ad
878 810 1109 895 intellegendas
1129 812 1229 894 ipsius

81 893 215 958 fabulae
237 895 378 958 rationes
401 893 596 958 necessarias
618 892 781 958 continere
803 893 914 972 soleat,
937 896 964 958 si
987 897 1072 960 inter
1089 897 1228 961 Andriae

82 985 118 1043 et
140 979 325 1043 Perinthiae
347 983 570 1061 argumentum
593 977 721 1060 gravius
744 978 919 1061 quidquam
941 980 1157 1058 interfuisset,
1188 1001 1228 1045 ne

82 1064 162 1128 huic
192 1063 312 1146 primae
341 1062 468 1146 quidem
502 1082 613 1127 scenae
645 1061 757 1127 eadem
780 1084 863 1146 quae
884 1065 1025 1130 Andriae
1048 1066 1151 1130 inesse
1173 1087 1229 1151 po-

82 1149 185 1212 tuisse
208 1155 360 1232 apparet3
382 1147 493 1212 addita
515 1168 548 1211 re
573 1147 634 1211 levi
656 1147 797 1230 quadam
819 1169 859 1212 ne
879 1169 951 1212 eam
966 1149 1094 1233 quidem
1110 1150 1228 1215 mutari

83 1255 167 1316 opus
188 1233 258 1296 fuit.
304 1233 452 1298 Ceterum
477 1231 616 1296 Andriae
639 1232 774 1297 Latinae
795 1234 931 1317 primam
954 1255 1082 1299 scenam
1106 1257 1145 1299 ex
1171 1236 1227 1300 Pe·

83 1318 208 1382 riothia
231 1316 432 1382 transtulisse
452 1316 635 1381 Terentium
657 1315 752 1381 affert
776 1317 919 1382 Donatus
941 1319 983 1382 ad
1005 1341 1031 1383 v.
1058 1325 1106 1384 13.
1130 1321 1229 1385 adno-

84 1410 176 1467 tans:
204 1403 351 1466 Ocraeias
373 1402 434 1466 ribi
455 1413 499 1465 erl
524 1403 685 1466 Terentina
703 1402 843 1484 primam
861 1425 985 1468 scenam
1008 1405 1046 1470 de
1063 1404 1229 1469 Perinthia

84 1510 150 1550 esse
172 1488 357 1551 translatam
368 1515 380 1560 ,·
402 1487 456 1549 abi
475 1509 567 1550 senen
588 1487 634 1550 ila
656 1507 726 1550 eam
748 1508 845 1550 arare
865 1488 1002 1572 loquitar
1016 1497 1052 1552 at
1065 1491 1153 1571 apud
1171 1492 1230 1554 Te·

83 1571 221 1636 rentiam
245 1595 314 1636 curn
336 1572 466 1647 liberto,·
492 1581 526 1635 αι
546 1571 581 1634 in
603 1573 732 1635 Andria
754 1573 932 1636 Menandri
952 1573 1036 1637 solas
1056 1596 1149 1639 aenea
1171 1580 1227 1638 est.

84 1657 179 1736 Quod
202 1656 341 1722 scholion
366 1661 404 1720 nt
424 1678 487 1720 non
510 1658 693 1733 sententiis,
728 1657 783 1722 sed
813 1657 940 1722 dicendi
961 1659 1065 1723 forma
1089 1660 1229 1724 Andriae

84 1749 119 1808 et
135 1742 317 1807 Perinthiae
332 1742 468 1826 primam
484 1762 612 1807 scenam
626 1743 711 1806 inter
732 1763 765 1807 so
787 1741 997 1826 discrepuisse
1020 1743 1228 1822 demonstrat,

84 1829 132 1892 ita
148 1848 274 1908 gravem
297 1829 382 1891 inter
403 1827 487 1890 viros
509 1827 619 1892 doctos
643 1827 871 1891 dissensionem
893 1830 1072 1893 commovit.
1118 1829 1229 1894 lhnius

85 1913 225 1996 potuisse
248 1912 383 1995 primam
407 1932 533 1976 scenam
558 1911 740 1976 Perinthiam
763 1931 863 1994 paene
885 1913 997 1976 iisdem
1020 1913 1124 1978 verbis
1152 1915 1229 1978 scri·

85 2003 174 2082 ptam
197 2017 265 2060 esse
280 1997 395 2081 quibus
413 1997 551 2062 Andriae
573 2004 677 2080 negat,
700 1997 851 2080 quoniam
874 1997 905 2060 in
929 1998 989 2062 hac
1011 1998 1099 2063 solus
1121 2019 1228 2077 senex,

84 2084 118 2146 in
141 2082 199 2146 illa
220 2103 317 2147 senex
339 2103 410 2148 cum
433 2104 531 2146 uxore
544 2081 704 2165 loquatur.
743 2082 813 2148 Hoc
826 2082 1003 2146 Grauertus
1018 2084 1064 2146 ita
1079 2084 1229 2167 expedire

86 2175 219 2233 conatus
240 2171 298 2242 est,
320 2173 357 2231 ut
379 2189 442 2231 non
464 2173 565 2231 totam
581 2187 707 2231 scenam
723 2167 858 2250 primam
874 2187 895 2230 a
909 2167 1032 2231 Donato
1048 2168 1110 2232 dici
1126 2189 1228 2253 paene

84 2252 197 2317 iisdem
213 2252 317 2316 verbis
332 2253 482 2336 scriptam
498 2273 565 2316 esse
584 2253 617 2316 in
633 2247 775 2334 'utraque
790 2251 909 2327 fabula,
933 2252 988 2316 sed
1013 2258 1136 2337 partem
1159 2257 1228 2318 eius

84 2338 304 2421 principalem,
326 2337 411 2402 senis
433 2337 472 2401 de
497 2337 681 2422 Pamphilae
703 2337 829 2400 vivendi
851 2337 975 2400 ratione
999 2338 1226 2417 narrationem,

85 2443 241 2487 summam
269 2422 368 2504 igitur
395 2423 494 2488 totius
522 2425 569 2488 rei
597 2421 732 2487 eandem
754 2442 822 2485 esse
843 2421 939 2486 dicat.
984 2422 1075 2500 Quod
1098 2425 1227 2489 omnino

85 2529 149 2572 non
172 2508 288 2590 probat
309 2507 405 2582 lhne,
437 2507 595 2573 Donatum
624 2507 808 2588 diligentem
830 2507 922 2570 illum
944 2506 1148 2573 scholiastam
1171 2509 1227 2592 qui

85 2599 152 2657 tam
181 2593 279 2658 anxia
308 2612 385 2656 cura
415 2593 523 2676 paullo
545 2598 617 2677 post
642 2597 677 2654 ll
702 2597 735 2654 et
756 2595 799 2655 20
820 2612 927 2656 versus
957 2599 1122 2670 numeret,
1158 2600 1225 2658 tam

85 2678 204 2742 incerte
226 2677 385 2741 dicturum
408 2698 471 2741 non
486 2679 582 2743 luisse
598 2683 639 2755 et,
662 2677 689 2740 si
704 2675 876 2741 scholiasta
891 2676 1074 2742 Perinthiae
1089 2678 1225 2762 primam

85 2784 211 2827 scenam
233 2761 402 2844 diligenter
423 2764 617 2846 perlegisset,
639 2761 780 2825 visurum
803 2783 875 2826 eum
897 2766 988 2826 ratus
1007 2783 1069 2826 non
1085 2764 1226 2847 potuisse

84 2849 117 2912 in
139 2847 305 2912 Perinthia
328 2868 435 2913 senem
458 2852 505 2913 ita
526 2869 596 2912 cum
620 2867 719 2910 uxore
741 2847 844 2929 loqui,
874 2852 910 2910 ut
931 2846 1017 2929 apud
1040 2846 1224 2911 Terentium

85 2954 155 2996 cum
177 2932 308 3010 liberto;
345 2953 419 2996 nam
450 2933 619 3015 colloqium
647 2952 747 3013 usque
769 2930 809 2995 ad
832 2954 861 2993 v.
886 2936 935 2995 20.
959 2932 1084 2996 nonnisi
1105 2932 1224 2997 domini

84 3017 253 3100 libertique
274 3037 342 3082 esse
363 3039 464 3101 posse,
486 3023 592 3082 cetera
607 3022 715 3081 autem
730 3037 812 3098 quae
828 3017 919 3082 Sosia
939 3017 1025 3080 inter
1046 3017 1130 3104 senis
1151 3037 1225 3081 nar-

85 3103 240 3166 rationem
259 3103 443 3185 interponat
465 3122 626 3187 perpauca
648 3122 715 3166 esse
737 3108 770 3166 ot
790 3104 837 3166 ita
866 3107 1067 3184 comparata,
1098 3107 1136 3166 ut
1163 3102 1224 3166 etsi

85 3208 147 3252 non
178 3187 373 3252 abhorreant
401 3209 421 3252 a
450 3187 593 3253 mulieris
622 3187 766 3258 oratione
793 3191 901 3251 tamen
929 3185 1030 3249 multo
1057 3184 1169 3251 melius
1191 3188 1223 3250 in

85 3293 208 3337 servum
230 3273 429 3337 conveniant.
474 3272 535 3338 Sed
559 3277 616 3336 aut
637 3271 828 3336 Grauertum
858 3277 945 3335 recto
974 3270 1134 3355 explicare
1167 3279 1224 3336 aut

85 3357 118 3421 id
150 3358 343 3422 considerari
374 3358 543 3432 voluerim,
580 3377 642 3421 non
673 3357 827 3420 adnotare
851 3356 1011 3420 Donatum
1040 3356 1095 3419 sed
1126 3358 1224 3438 magi·

86 3448 183 3506 strum
217 3442 374 3524 quendam
408 3443 546 3507 seribere
577 3463 638 3505 non
671 3447 738 3506 tam
771 3448 921 3506 accurate
952 3440 1222 3520 considerantem

87 3532 169 3591 certe
191 3527 275 3609 quod
300 3527 390 3591 adv.
418 3532 465 3592 10.
488 3528 662 3591 adnotatur
684 3547 746 3592 non
770 3525 811 3590 ab
834 3525 944 3590 eodem
969 3525 1122 3608 scriptum
1145 3546 1223 3605 esse,

86 3631 106 3674 a
135 3632 197 3694 quo
229 3611 270 3674 ad
302 3633 330 3674 v.
355 3616 401 3676 13.
435 3611 619 3677 adnotatur.
687 3610 829 3676 Alterum
861 3609 945 3693 quod
981 3609 1105 3694 profert
1133 3610 1222 3689 Ihne,

85 3697 223 3778 ineptum
254 3716 322 3760 esse
352 3717 459 3760 senem
482 3699 529 3761 ita
550 3718 622 3762 cum
645 3716 742 3760 nxore
765 3696 852 3778 loqui
874 3701 910 3758 ut
932 3694 1018 3776 apud
1039 3694 1222 3760 Terentium

86 3802 154 3845 oum
176 3780 305 3859 liberto,
337 3781 398 3845 hoc
426 3789 511 3846 recte
538 3803 611 3846 eum
632 3780 826 3845 intellexisse
848 3779 1035 3860 negaverim.
1079 3779 1134 3842 Ita
1157 3801 1221 3845 non

87 3886 122 3931 eo
143 3886 237 3929 sensu
259 3867 412 3948 positum,
435 3873 472 3931 ut
494 3868 536 3930 sit
557 3867 600 3929 In
621 3865 779 3928 derselhen
799 3864 903 3938 sense,
925 3885 1029 3944 aenan
1050 3883 1094 3940 so,
1119 3885 1222 3947 neque

87 3951 125 4014 ad
146 3952 302 4015 rationem
322 3952 489 4016 modumve
511 3951 662 4034 loquendi
684 3949 809 4013 videtur
831 3949 998 4032 pertinere,
1020 3949 1074 4012 sed
1093 3969 1222 4014 sensum

86 4055 150 4100 esse
165 4042 243 4120 puto
258 4056 340 4111 eum,
362 4057 469 4101 senem
492 4057 552 4100 non
575 4035 675 4099 solum
698 4034 849 4113 locutum,
870 4034 926 4098 sed
941 4032 1133 4098 collocutum
1153 4053 1221 4099 esse

87 4141 156 4186 oum
176 4120 285 4203 aliquo
308 4121 449 4200 homine,
479 4127 512 4186 et
533 4119 740 4198 collocutum,
777 4125 814 4183 ut
835 4118 921 4202 apud
943 4118 1127 4182 Terentium
1148 4139 1221 4183 cum
