<?xml version="1.0" encoding="UTF-8"?>
<!DOCTYPE html PUBLIC "-//W3C//DTD XHTML 1.0 Transitional//EN"
    "http://www.w3.org/TR/xhtml1/DTD/xhtml1-transitional.dtd">
<html xmlns="http://www.w3.org/1999/xhtml" xml:lang="en" lang="en">
 <head>
  <title>
</title>
<meta http-equiv="Content-Type" content="text/html;charset=utf-8" />
  <meta name='ocr-system' content='tesseract 3.04.00' />
  <meta name='ocr-capabilities' content='ocr_page ocr_carea ocr_par ocr_line ocrx_word'/>
</head>
<body>
  <div class='ocr_page' id='page_1' title='image "./quaestionestere00braugoog_0040.png"; bbox 0 0 2900 4658; ppageno 0'>
   <div class='ocr_carea' id='block_1_1' title="bbox 659 258 698 320">
    <p class='ocr_par' dir='ltr' id='par_1_1' title="bbox 659 258 698 320">
     <span class='ocr_line' id='line_1_1' title="bbox 659 258 698 320; baseline -0.077 0"><span class='ocrx_word' id='word_1_1' title='bbox 659 258 698 320; x_wconf 81' lang='lat'>33</span> 
     </span>
    </p>
   </div>
   <div class='ocr_carea' id='block_1_2' title="bbox 96 437 1243 710">
    <p class='ocr_par' dir='ltr' id='par_1_2' title="bbox 96 437 1243 710">
     <span class='ocr_line' id='line_1_2' title="bbox 98 437 1242 524; baseline 0.003 -21"><span class='ocrx_word' id='word_1_2' title='bbox 98 438 287 516; x_wconf 72' lang='lat' dir='ltr'>laticense,</span> <span class='ocrx_word' id='word_1_3' title='bbox 312 447 346 502; x_wconf 82' lang='lat' dir='ltr'>ut</span> <span class='ocrx_word' id='word_1_4' title='bbox 366 460 398 500; x_wconf 83' lang='lat' dir='ltr'>se</span> <span class='ocrx_word' id='word_1_5' title='bbox 418 437 575 520; x_wconf 76' lang='lat' dir='ltr'><em>infelicem</em></span> <span class='ocrx_word' id='word_1_6' title='bbox 598 460 659 501; x_wconf 84' lang='lat' dir='ltr'>non</span> <span class='ocrx_word' id='word_1_7' title='bbox 680 437 837 502; x_wconf 77' lang='lat' dir='ltr'>honestum</span> <span class='ocrx_word' id='word_1_8' title='bbox 860 440 964 503; x_wconf 81' lang='lat' dir='ltr'>ducat.</span> <span class='ocrx_word' id='word_1_9' title='bbox 1010 441 1078 505; x_wconf 89' lang='lat' dir='ltr'>Hoc</span> <span class='ocrx_word' id='word_1_10' title='bbox 1100 442 1178 524; x_wconf 89' lang='lat' dir='ltr'>quin</span> <span class='ocrx_word' id='word_1_11' title='bbox 1200 442 1242 507; x_wconf 87' lang='lat' dir='ltr'>ad</span> 
     </span>
     <span class='ocr_line' id='line_1_3' title="bbox 96 523 1243 609; baseline 0.003 -21"><span class='ocrx_word' id='word_1_12' title='bbox 96 525 290 588; x_wconf 88' lang='lat' dir='ltr'>Terentium</span> <span class='ocrx_word' id='word_1_13' title='bbox 312 524 485 608; x_wconf 82' lang='lat' dir='ltr'>pertineat,</span> <span class='ocrx_word' id='word_1_14' title='bbox 508 545 570 587; x_wconf 91' lang='lat' dir='ltr'>non</span> <span class='ocrx_word' id='word_1_15' title='bbox 594 523 817 602; x_wconf 90' lang='lat' dir='ltr'>dubitandum,</span> <span class='ocrx_word' id='word_1_16' title='bbox 840 527 915 607; x_wconf 90' lang='lat' dir='ltr'>quia</span> <span class='ocrx_word' id='word_1_17' title='bbox 936 525 969 588; x_wconf 91' lang='lat' dir='ltr'>in</span> <span class='ocrx_word' id='word_1_18' title='bbox 991 524 1153 609; x_wconf 85' lang='lat' dir='ltr'>republica</span> <span class='ocrx_word' id='word_1_19' title='bbox 1176 547 1243 592; x_wconf 81' lang='lat' dir='ltr'>ma·</span> 
     </span>
     <span class='ocr_line' id='line_1_4' title="bbox 99 608 1242 710; baseline 0.003 -38"><span class='ocrx_word' id='word_1_20' title='bbox 99 611 193 673; x_wconf 83' lang='lat' dir='ltr'><strong>xime</strong></span> <span class='ocrx_word' id='word_1_21' title='bbox 215 609 359 674; x_wconf 89' lang='lat' dir='ltr'>Romana</span> <span class='ocrx_word' id='word_1_22' title='bbox 380 608 611 674; x_wconf 84' lang='lat' dir='ltr'>aemulatorum</span> <span class='ocrx_word' id='word_1_23' title='bbox 634 608 767 673; x_wconf 89' lang='lat' dir='ltr'>florebat</span> <span class='ocrx_word' id='word_1_24' title='bbox 795 630 895 692; x_wconf 91' lang='lat' dir='ltr'>genus</span> <span class='ocrx_word' id='word_1_25' title='bbox 922 611 1115 693; x_wconf 91' lang='lat' dir='ltr'>impudicum</span> <span class='ocrx_word' id='word_1_26' title='bbox 1145 619 1242 710; x_wconf 82' lang='lat' dir='ltr'>atque</span> 
     </span>
    </p>
   </div>
   <div class='ocr_carea' id='block_1_3' title="bbox 99 693 1332 778">
    <p class='ocr_par' dir='ltr' id='par_1_3' title="bbox 99 693 1332 778">
     <span class='ocr_line' id='line_1_5' title="bbox 99 693 1332 778; baseline 0.002 -20"><span class='ocrx_word' id='word_1_27' title='bbox 99 695 289 778; x_wconf 90' lang='lat' dir='ltr'>improbum</span> <span class='ocrx_word' id='word_1_28' title='bbox 321 694 415 771; x_wconf 87' lang='lat' dir='ltr'>illud,</span> <span class='ocrx_word' id='word_1_29' title='bbox 453 694 536 775; x_wconf 91' lang='lat' dir='ltr'>quod</span> <span class='ocrx_word' id='word_1_30' title='bbox 569 693 709 758; x_wconf 88' lang='lat' dir='ltr'>illustrat</span> <span class='ocrx_word' id='word_1_31' title='bbox 742 695 902 758; x_wconf 88' lang='lat' dir='ltr'>luvenalis</span> <span class='ocrx_word' id='word_1_32' title='bbox 938 695 1131 760; x_wconf 81' lang='lat' dir='ltr'>carminibus</span> <span class='ocrx_word' id='word_1_33' title='bbox 1167 717 1241 762; x_wconf 80' lang='lat' dir='ltr'>suis.</span> <span class='ocrx_word' id='word_1_34' title='bbox 1324 712 1332 727; x_wconf 84' lang='grc'><em>“</em></span> 
     </span>
    </p>
   </div>
   <div class='ocr_carea' id='block_1_4' title="bbox 29 778 1243 4170">
    <p class='ocr_par' dir='ltr' id='par_1_4' title="bbox 29 778 1243 1378">
     <span class='ocr_line' id='line_1_6' title="bbox 101 778 1243 863; baseline 0.002 -21"><span class='ocrx_word' id='word_1_35' title='bbox 101 778 224 858; x_wconf 83' lang='lat' dir='ltr'>Quales</span> <span class='ocrx_word' id='word_1_36' title='bbox 247 789 423 862; x_wconf 88' lang='lat' dir='ltr'>temporum</span> <span class='ocrx_word' id='word_1_37' title='bbox 447 779 672 861; x_wconf 84' lang='lat' dir='ltr'>descriptiones</span> <span class='ocrx_word' id='word_1_38' title='bbox 694 779 735 843; x_wconf 93' lang='lat' dir='ltr'>ad</span> <span class='ocrx_word' id='word_1_39' title='bbox 759 780 916 844; x_wconf 86' lang='lat' dir='ltr'>Romanos</span> <span class='ocrx_word' id='word_1_40' title='bbox 931 802 1032 844; x_wconf 87' lang='lat' dir='ltr'>mores</span> <span class='ocrx_word' id='word_1_41' title='bbox 1048 781 1243 863; x_wconf 88' lang='lat' dir='ltr'>quadrantes</span> 
     </span>
     <span class='ocr_line' id='line_1_7' title="bbox 100 865 1243 947; baseline 0.001 -18"><span class='ocrx_word' id='word_1_42' title='bbox 100 865 300 941; x_wconf 89' lang='lat' dir='ltr'>Terentium,</span> <span class='ocrx_word' id='word_1_43' title='bbox 322 885 515 947; x_wconf 90' lang='lat' dir='ltr'>quamquam</span> <span class='ocrx_word' id='word_1_44' title='bbox 538 865 767 928; x_wconf 89' lang='lat' dir='ltr'>sententiarum</span> <span class='ocrx_word' id='word_1_45' title='bbox 790 886 905 928; x_wconf 81' lang='lat' dir='ltr'>nexum</span> <span class='ocrx_word' id='word_1_46' title='bbox 927 886 966 928; x_wconf 86' lang='lat' dir='ltr'>ex</span> <span class='ocrx_word' id='word_1_47' title='bbox 989 865 1164 930; x_wconf 85' lang='lat' dir='ltr'>Menandro</span> <span class='ocrx_word' id='word_1_48' title='bbox 1186 866 1243 930; x_wconf 90' lang='lat' dir='ltr'>de-</span> 
     </span>
     <span class='ocr_line' id='line_1_8' title="bbox 29 949 1242 1033; baseline 0.001 -19"><span class='ocrx_word' id='word_1_49' title='bbox 29 953 35 964; x_wconf 83' lang='lat'><em>‘</em></span> <span class='ocrx_word' id='word_1_50' title='bbox 101 950 253 1033; x_wconf 85' lang='lat' dir='ltr'>sumpsit,</span> <span class='ocrx_word' id='word_1_51' title='bbox 275 958 383 1013; x_wconf 88' lang='lat' dir='ltr'>tamen</span> <span class='ocrx_word' id='word_1_52' title='bbox 405 950 541 1032; x_wconf 89' lang='lat' dir='ltr'>quadam</span> <span class='ocrx_word' id='word_1_53' title='bbox 565 970 603 1012; x_wconf 89' lang='lat' dir='ltr'>ex</span> <span class='ocrx_word' id='word_1_54' title='bbox 627 960 718 1032; x_wconf 89' lang='lat' dir='ltr'>parte</span> <span class='ocrx_word' id='word_1_55' title='bbox 741 950 949 1022; x_wconf 80' lang='lat' dir='ltr'>etiamsuunr</span> <span class='ocrx_word' id='word_1_56' title='bbox 972 949 1132 1032; x_wconf 82' lang='lat' dir='ltr'>ingenium</span> <span class='ocrx_word' id='word_1_57' title='bbox 1154 972 1242 1016; x_wconf 92' lang='lat' dir='ltr'>secu-</span> 
     </span>
     <span class='ocr_line' id='line_1_9' title="bbox 102 1034 1243 1118; baseline 0.002 -20"><span class='ocrx_word' id='word_1_58' title='bbox 102 1041 178 1100; x_wconf 93' lang='lat' dir='ltr'>tum</span> <span class='ocrx_word' id='word_1_59' title='bbox 199 1034 378 1117; x_wconf 85' lang='lat' dir='ltr'>depinxisse</span> <span class='ocrx_word' id='word_1_60' title='bbox 400 1055 464 1098; x_wconf 91' lang='lat' dir='ltr'>non</span> <span class='ocrx_word' id='word_1_61' title='bbox 487 1035 673 1117; x_wconf 89' lang='lat' dir='ltr'>negaverim.</span> <span class='ocrx_word' id='word_1_62' title='bbox 720 1037 821 1118; x_wconf 80' lang='lat' dir='ltr'>Atque</span> <span class='ocrx_word' id='word_1_63' title='bbox 844 1035 983 1099; x_wconf 86' lang='lat' dir='ltr'>Graecae</span> <span class='ocrx_word' id='word_1_64' title='bbox 1004 1035 1131 1099; x_wconf 87' lang='lat' dir='ltr'>fabulae</span> <span class='ocrx_word' id='word_1_65' title='bbox 1160 1037 1243 1100; x_wconf 89' lang='lat' dir='ltr'>inse-</span> 
     </span>
     <span class='ocr_line' id='line_1_10' title="bbox 101 1119 1243 1202; baseline 0.001 -18"><span class='ocrx_word' id='word_1_66' title='bbox 101 1121 210 1184; x_wconf 90' lang='lat' dir='ltr'>ruisse</span> <span class='ocrx_word' id='word_1_67' title='bbox 239 1141 310 1182; x_wconf 88' lang='lat' dir='ltr'>eum</span> <span class='ocrx_word' id='word_1_68' title='bbox 338 1141 389 1186; x_wconf 90' lang='lat' dir='ltr'>res</span> <span class='ocrx_word' id='word_1_69' title='bbox 418 1119 577 1182; x_wconf 83' lang='lat' dir='ltr'>Romanas</span> <span class='ocrx_word' id='word_1_70' title='bbox 610 1121 788 1202; x_wconf 88' lang='lat' dir='ltr'>victumque</span> <span class='ocrx_word' id='word_1_71' title='bbox 817 1120 967 1184; x_wconf 86' lang='lat' dir='ltr'>Latinum</span> <span class='ocrx_word' id='word_1_72' title='bbox 997 1120 1164 1202; x_wconf 81' lang='lat' dir='ltr'>intellegas</span> <span class='ocrx_word' id='word_1_73' title='bbox 1197 1120 1243 1186; x_wconf 90' lang='lat' dir='ltr'>eis</span> 
     </span>
     <span class='ocr_line' id='line_1_11' title="bbox 102 1199 1242 1292; baseline 0.002 -24"><span class='ocrx_word' id='word_1_74' title='bbox 102 1227 190 1288; x_wconf 90' lang='lat' dir='ltr'>quae</span> <span class='ocrx_word' id='word_1_75' title='bbox 215 1206 358 1268; x_wconf 87' lang='lat' dir='ltr'>Donatus</span> <span class='ocrx_word' id='word_1_76' title='bbox 380 1203 514 1268; x_wconf 89' lang='lat' dir='ltr'>adnotat</span> <span class='ocrx_word' id='word_1_77' title='bbox 535 1204 576 1267; x_wconf 93' lang='lat' dir='ltr'>ad</span> <span class='ocrx_word' id='word_1_78' title='bbox 600 1226 625 1266; x_wconf 89' lang='lat' dir='ltr'>v.</span> <span class='ocrx_word' id='word_1_79' title='bbox 642 1209 690 1268; x_wconf 86' lang='lat'>26.</span> <span class='ocrx_word' id='word_1_80' title='bbox 717 1207 855 1284; x_wconf 69' lang='lat' dir='ltr'>‘Cetarii</span> <span class='ocrx_word' id='word_1_81' title='bbox 877 1205 964 1282; x_wconf 89' lang='lat' dir='ltr'>lanii,</span> <span class='ocrx_word' id='word_1_82' title='bbox 986 1199 1242 1292; x_wconf 63' lang='lat' dir='ltr'>coqui’221poiq-</span> 
     </span>
     <span class='ocr_line' id='line_1_12' title="bbox 102 1289 1016 1378; baseline -0.004 -22"><span class='ocrx_word' id='word_1_83' title='bbox 102 1314 194 1378; x_wconf 70' lang='lat' dir='ltr'>equor</span> <span class='ocrx_word' id='word_1_84' title='bbox 216 1291 383 1369; x_wconf 62' lang='lat' dir='ltr'>comicum</span> <span class='ocrx_word' id='word_1_85' title='bbox 405 1289 439 1351; x_wconf 83' lang='lat' dir='ltr'>in</span> <span class='ocrx_word' id='word_1_86' title='bbox 458 1289 593 1371; x_wconf 80' lang='lat' dir='ltr'>palliata</span> <span class='ocrx_word' id='word_1_87' title='bbox 615 1311 665 1352; x_wconf 82' lang='lat' dir='ltr'>res</span> <span class='ocrx_word' id='word_1_88' title='bbox 686 1291 849 1353; x_wconf 82' lang='lat' dir='ltr'>Romanas</span> <span class='ocrx_word' id='word_1_89' title='bbox 870 1290 1016 1374; x_wconf 84' lang='lat' dir='ltr'>loquitur.</span> 
     </span>
    </p>

    <p class='ocr_par' dir='ltr' id='par_1_5' title="bbox 45 1374 1242 2562">
     <span class='ocr_line' id='line_1_13' title="bbox 194 1374 1240 1458; baseline 0.001 -17"><span class='ocrx_word' id='word_1_90' title='bbox 194 1377 341 1441; x_wconf 88' lang='lat' dir='ltr'>Ceterum</span> <span class='ocrx_word' id='word_1_91' title='bbox 370 1375 504 1438; x_wconf 90' lang='lat' dir='ltr'>alteram</span> <span class='ocrx_word' id='word_1_92' title='bbox 535 1375 628 1438; x_wconf 90' lang='lat' dir='ltr'>huius</span> <span class='ocrx_word' id='word_1_93' title='bbox 650 1395 763 1438; x_wconf 88' lang='lat' dir='ltr'>scenae</span> <span class='ocrx_word' id='word_1_94' title='bbox 785 1382 907 1458; x_wconf 89' lang='lat' dir='ltr'>partem</span> <span class='ocrx_word' id='word_1_95' title='bbox 929 1377 976 1439; x_wconf 92' lang='lat' dir='ltr'>ita</span> <span class='ocrx_word' id='word_1_96' title='bbox 997 1374 1178 1450; x_wconf 88' lang='lat' dir='ltr'>Terentium</span> <span class='ocrx_word' id='word_1_97' title='bbox 1202 1399 1240 1442; x_wconf 86' lang='lat' dir='ltr'>ex</span> 
     </span>
     <span class='ocr_line' id='line_1_14' title="bbox 102 1460 1242 1545; baseline 0.001 -19"><span class='ocrx_word' id='word_1_98' title='bbox 102 1461 285 1526; x_wconf 88' lang='lat' dir='ltr'>Menandro</span> <span class='ocrx_word' id='word_1_99' title='bbox 309 1460 508 1524; x_wconf 88' lang='lat' dir='ltr'>transtulisse</span> <span class='ocrx_word' id='word_1_100' title='bbox 530 1467 624 1542; x_wconf 90' lang='lat' dir='ltr'>puto,</span> <span class='ocrx_word' id='word_1_101' title='bbox 658 1467 695 1523; x_wconf 90' lang='lat' dir='ltr'>nt</span> <span class='ocrx_word' id='word_1_102' title='bbox 721 1482 782 1523; x_wconf 91' lang='lat' dir='ltr'>uon</span> <span class='ocrx_word' id='word_1_103' title='bbox 805 1482 843 1524; x_wconf 88' lang='lat' dir='ltr'>ex</span> <span class='ocrx_word' id='word_1_104' title='bbox 867 1481 930 1523; x_wconf 87' lang='lat' dir='ltr'>una</span> <span class='ocrx_word' id='word_1_105' title='bbox 952 1461 1125 1545; x_wconf 87' lang='lat' dir='ltr'>eademque</span> <span class='ocrx_word' id='word_1_106' title='bbox 1146 1485 1242 1528; x_wconf 86' lang='lat' dir='ltr'>scena</span> 
     </span>
     <span class='ocr_line' id='line_1_15' title="bbox 45 1545 1241 1634; baseline 0.001 -23"><span class='ocrx_word' id='word_1_107' title='bbox 45 1619 51 1634; x_wconf 33' lang='lat'>⁸</span> <span class='ocrx_word' id='word_1_108' title='bbox 104 1549 215 1612; x_wconf 92' lang='lat' dir='ltr'>omnia</span> <span class='ocrx_word' id='word_1_109' title='bbox 236 1567 317 1630; x_wconf 88' lang='lat' dir='ltr'>quae</span> <span class='ocrx_word' id='word_1_110' title='bbox 340 1546 392 1608; x_wconf 90' lang='lat' dir='ltr'>hic</span> <span class='ocrx_word' id='word_1_111' title='bbox 413 1552 487 1608; x_wconf 86' lang='lat' dir='ltr'>sunt</span> <span class='ocrx_word' id='word_1_112' title='bbox 508 1545 728 1623; x_wconf 85' lang='lat' dir='ltr'>conscriberet,</span> <span class='ocrx_word' id='word_1_113' title='bbox 751 1546 805 1610; x_wconf 90' lang='lat' dir='ltr'>sed</span> <span class='ocrx_word' id='word_1_114' title='bbox 822 1567 860 1609; x_wconf 86' lang='lat' dir='ltr'>ex</span> <span class='ocrx_word' id='word_1_115' title='bbox 876 1547 1089 1630; x_wconf 91' lang='lat' dir='ltr'>compluribus</span> <span class='ocrx_word' id='word_1_116' title='bbox 1101 1546 1241 1612; x_wconf 88' lang='lat' dir='ltr'>Gnatho·</span> 
     </span>
     <span class='ocr_line' id='line_1_16' title="bbox 103 1630 1242 1697; baseline 0.001 -1"><span class='ocrx_word' id='word_1_117' title='bbox 103 1633 157 1696; x_wconf 91' lang='lat' dir='ltr'>nis</span> <span class='ocrx_word' id='word_1_118' title='bbox 180 1631 376 1696; x_wconf 89' lang='lat' dir='ltr'>sermonibus</span> <span class='ocrx_word' id='word_1_119' title='bbox 399 1651 495 1693; x_wconf 90' lang='lat' dir='ltr'>unam</span> <span class='ocrx_word' id='word_1_120' title='bbox 518 1630 600 1694; x_wconf 91' lang='lat' dir='ltr'>hauc</span> <span class='ocrx_word' id='word_1_121' title='bbox 622 1631 796 1694; x_wconf 90' lang='lat' dir='ltr'>orationem</span> <span class='ocrx_word' id='word_1_122' title='bbox 818 1630 955 1694; x_wconf 90' lang='lat' dir='ltr'>efficeret</span> <span class='ocrx_word' id='word_1_123' title='bbox 976 1632 1150 1696; x_wconf 89' lang='lat' dir='ltr'>interiectis</span> <span class='ocrx_word' id='word_1_124' title='bbox 1171 1633 1242 1697; x_wconf 90' lang='lat' dir='ltr'>bre·</span> 
     </span>
     <span class='ocr_line' id='line_1_17' title="bbox 102 1715 1240 1801; baseline 0.002 -21"><span class='ocrx_word' id='word_1_125' title='bbox 102 1720 189 1782; x_wconf 89' lang='lat' dir='ltr'>viter</span> <span class='ocrx_word' id='word_1_126' title='bbox 211 1738 231 1780; x_wconf 92' lang='lat' dir='ltr'>a</span> <span class='ocrx_word' id='word_1_127' title='bbox 253 1717 446 1780; x_wconf 88' lang='lat' dir='ltr'>Parmenone</span> <span class='ocrx_word' id='word_1_128' title='bbox 469 1715 571 1779; x_wconf 89' lang='lat' dir='ltr'>dictis.</span> <span class='ocrx_word' id='word_1_129' title='bbox 615 1715 691 1779; x_wconf 89' lang='lat' dir='ltr'>Tres</span> <span class='ocrx_word' id='word_1_130' title='bbox 713 1715 841 1779; x_wconf 87' lang='lat' dir='ltr'>ultimos</span> <span class='ocrx_word' id='word_1_131' title='bbox 864 1737 972 1780; x_wconf 86' lang='lat' dir='ltr'>versus</span> <span class='ocrx_word' id='word_1_132' title='bbox 988 1716 1027 1780; x_wconf 89' lang='lat' dir='ltr'>ab</span> <span class='ocrx_word' id='word_1_133' title='bbox 1042 1717 1111 1801; x_wconf 89' lang='lat' dir='ltr'>ipso</span> <span class='ocrx_word' id='word_1_134' title='bbox 1126 1718 1240 1782; x_wconf 84' lang='lat' dir='ltr'>Teren·</span> 
     </span>
     <span class='ocr_line' id='line_1_18' title="bbox 102 1800 1239 1883; baseline 0 -16"><span class='ocrx_word' id='word_1_135' title='bbox 102 1803 152 1866; x_wconf 90' lang='lat' dir='ltr'>tio</span> <span class='ocrx_word' id='word_1_136' title='bbox 175 1803 299 1866; x_wconf 89' lang='lat' dir='ltr'>additos</span> <span class='ocrx_word' id='word_1_137' title='bbox 320 1821 387 1864; x_wconf 89' lang='lat' dir='ltr'>esse</span> <span class='ocrx_word' id='word_1_138' title='bbox 409 1821 535 1864; x_wconf 91' lang='lat' dir='ltr'>necesse</span> <span class='ocrx_word' id='word_1_139' title='bbox 558 1808 619 1872; x_wconf 88' lang='lat' dir='ltr'>est,</span> <span class='ocrx_word' id='word_1_140' title='bbox 643 1802 791 1883; x_wconf 92' lang='lat' dir='ltr'>quoniam</span> <span class='ocrx_word' id='word_1_141' title='bbox 815 1800 848 1864; x_wconf 92' lang='lat' dir='ltr'>in</span> <span class='ocrx_word' id='word_1_142' title='bbox 871 1800 983 1865; x_wconf 92' lang='lat' dir='ltr'>Colace</span> <span class='ocrx_word' id='word_1_143' title='bbox 1007 1801 1149 1866; x_wconf 88' lang='lat' dir='ltr'>Chaerea</span> <span class='ocrx_word' id='word_1_144' title='bbox 1175 1824 1239 1867; x_wconf 90' lang='lat' dir='ltr'>non</span> 
     </span>
     <span class='ocr_line' id='line_1_19' title="bbox 102 1884 1241 1970; baseline 0.002 -19"><span class='ocrx_word' id='word_1_145' title='bbox 102 1889 199 1951; x_wconf 91' lang='lat' dir='ltr'>inest.</span> <span class='ocrx_word' id='word_1_146' title='bbox 244 1893 393 1950; x_wconf 89' lang='lat' dir='ltr'>Attamen</span> <span class='ocrx_word' id='word_1_147' title='bbox 416 1885 638 1968; x_wconf 91' lang='lat' dir='ltr'>aliquomodo</span> <span class='ocrx_word' id='word_1_148' title='bbox 662 1885 830 1970; x_wconf 91' lang='lat' dir='ltr'>Pamphila</span> <span class='ocrx_word' id='word_1_149' title='bbox 851 1886 892 1950; x_wconf 93' lang='lat' dir='ltr'>ad</span> <span class='ocrx_word' id='word_1_150' title='bbox 913 1884 1066 1950; x_wconf 85' lang='lat' dir='ltr'>Thaidem</span> <span class='ocrx_word' id='word_1_151' title='bbox 1095 1887 1241 1954; x_wconf 88' lang='lat' dir='ltr'>ducenda</span> 
     </span>
     <span class='ocr_line' id='line_1_20' title="bbox 104 1969 1240 2054; baseline 0 -18"><span class='ocrx_word' id='word_1_152' title='bbox 104 1980 193 2052; x_wconf 81' lang='lat' dir='ltr'>erat,</span> <span class='ocrx_word' id='word_1_153' title='bbox 221 1993 318 2054; x_wconf 92' lang='lat' dir='ltr'>quam</span> <span class='ocrx_word' id='word_1_154' title='bbox 342 1978 527 2054; x_wconf 89' lang='lat' dir='ltr'>sequeretur</span> <span class='ocrx_word' id='word_1_155' title='bbox 550 1969 708 2049; x_wconf 81' lang='lat' dir='ltr'>Chaerea3</span> <span class='ocrx_word' id='word_1_156' title='bbox 742 1971 802 2034; x_wconf 93' lang='lat' dir='ltr'>hoc</span> <span class='ocrx_word' id='word_1_157' title='bbox 823 1972 980 2054; x_wconf 90' lang='lat' dir='ltr'>quomodo</span> <span class='ocrx_word' id='word_1_158' title='bbox 1002 1972 1087 2053; x_wconf 89' lang='lat' dir='ltr'>apud</span> <span class='ocrx_word' id='word_1_159' title='bbox 1110 1973 1240 2037; x_wconf 91' lang='lat' dir='ltr'>Menan·</span> 
     </span>
     <span class='ocr_line' id='line_1_21' title="bbox 104 2056 1239 2138; baseline -0.001 -16"><span class='ocrx_word' id='word_1_160' title='bbox 104 2057 199 2122; x_wconf 90' lang='lat' dir='ltr'>drum</span> <span class='ocrx_word' id='word_1_161' title='bbox 221 2057 341 2122; x_wconf 85' lang='lat' dir='ltr'>factum</span> <span class='ocrx_word' id='word_1_162' title='bbox 363 2077 430 2119; x_wconf 90' lang='lat' dir='ltr'>esse</span> <span class='ocrx_word' id='word_1_163' title='bbox 452 2056 626 2136; x_wconf 85' lang='lat' dir='ltr'>excogites,</span> <span class='ocrx_word' id='word_1_164' title='bbox 659 2057 814 2119; x_wconf 89' lang='lat' dir='ltr'>incertum</span> <span class='ocrx_word' id='word_1_165' title='bbox 843 2056 1095 2138; x_wconf 90' lang='lat' dir='ltr'>relinquendum.</span> <span class='ocrx_word' id='word_1_166' title='bbox 1146 2058 1239 2123; x_wconf 90' lang='lat' dir='ltr'>Haud</span> 
     </span>
     <span class='ocr_line' id='line_1_22' title="bbox 103 2140 1240 2207; baseline 0.001 -1"><span class='ocrx_word' id='word_1_167' title='bbox 103 2143 171 2206; x_wconf 85' lang='lat' dir='ltr'>scio</span> <span class='ocrx_word' id='word_1_168' title='bbox 199 2163 240 2206; x_wconf 91' lang='lat' dir='ltr'>an</span> <span class='ocrx_word' id='word_1_169' title='bbox 271 2143 427 2206; x_wconf 87' lang='lat' dir='ltr'>secundae</span> <span class='ocrx_word' id='word_1_170' title='bbox 457 2161 569 2204; x_wconf 89' lang='lat' dir='ltr'>scenae</span> <span class='ocrx_word' id='word_1_171' title='bbox 599 2141 808 2206; x_wconf 88' lang='lat' dir='ltr'>Terentianae</span> <span class='ocrx_word' id='word_1_172' title='bbox 837 2140 905 2205; x_wconf 91' lang='lat' dir='ltr'>loco</span> <span class='ocrx_word' id='word_1_173' title='bbox 934 2145 966 2205; x_wconf 88' lang='lat' dir='ltr'>in</span> <span class='ocrx_word' id='word_1_174' title='bbox 990 2141 1155 2206; x_wconf 87' lang='lat' dir='ltr'>Menandri</span> <span class='ocrx_word' id='word_1_175' title='bbox 1177 2143 1240 2207; x_wconf 88' lang='lat' dir='ltr'>Eu·</span> 
     </span>
     <span class='ocr_line' id='line_1_23' title="bbox 103 2225 1240 2311; baseline 0.001 -20"><span class='ocrx_word' id='word_1_176' title='bbox 103 2227 211 2292; x_wconf 92' lang='lat' dir='ltr'>nucho</span> <span class='ocrx_word' id='word_1_177' title='bbox 233 2248 300 2291; x_wconf 87' lang='lat' dir='ltr'>rem</span> <span class='ocrx_word' id='word_1_178' title='bbox 322 2228 368 2290; x_wconf 88' lang='lat' dir='ltr'>ita</span> <span class='ocrx_word' id='word_1_179' title='bbox 390 2229 596 2309; x_wconf 89' lang='lat' dir='ltr'>compositam</span> <span class='ocrx_word' id='word_1_180' title='bbox 626 2225 722 2289; x_wconf 88' lang='lat' dir='ltr'>luisse</span> <span class='ocrx_word' id='word_1_181' title='bbox 751 2234 856 2310; x_wconf 89' lang='lat' dir='ltr'>putes,</span> <span class='ocrx_word' id='word_1_182' title='bbox 890 2234 926 2290; x_wconf 94' lang='lat' dir='ltr'>ut</span> <span class='ocrx_word' id='word_1_183' title='bbox 947 2227 1102 2291; x_wconf 85' lang='lat' dir='ltr'>Parmeno</span> <span class='ocrx_word' id='word_1_184' title='bbox 1132 2227 1240 2311; x_wconf 90' lang='lat' dir='ltr'>paullo</span> 
     </span>
     <span class='ocr_line' id='line_1_24' title="bbox 103 2311 1241 2396; baseline 0.001 -20"><span class='ocrx_word' id='word_1_185' title='bbox 103 2313 227 2377; x_wconf 90' lang='lat' dir='ltr'>diutius</span> <span class='ocrx_word' id='word_1_186' title='bbox 248 2335 343 2396; x_wconf 91' lang='lat' dir='ltr'>quam</span> <span class='ocrx_word' id='word_1_187' title='bbox 366 2311 524 2375; x_wconf 90' lang='lat' dir='ltr'>Phaedria</span> <span class='ocrx_word' id='word_1_188' title='bbox 544 2311 577 2374; x_wconf 92' lang='lat' dir='ltr'>in</span> <span class='ocrx_word' id='word_1_189' title='bbox 602 2332 696 2374; x_wconf 89' lang='lat' dir='ltr'>scena</span> <span class='ocrx_word' id='word_1_190' title='bbox 717 2332 884 2375; x_wconf 88' lang='lat' dir='ltr'>remanens</span> <span class='ocrx_word' id='word_1_191' title='bbox 912 2332 1017 2375; x_wconf 87' lang='lat' dir='ltr'>secum</span> <span class='ocrx_word' id='word_1_192' title='bbox 1047 2311 1241 2395; x_wconf 88' lang='lat' dir='ltr'>colloquere-</span> 
     </span>
     <span class='ocr_line' id='line_1_25' title="bbox 103 2395 1240 2481; baseline 0.001 -20"><span class='ocrx_word' id='word_1_193' title='bbox 103 2405 173 2475; x_wconf 86' lang='lat' dir='ltr'>tur,</span> <span class='ocrx_word' id='word_1_194' title='bbox 197 2397 363 2481; x_wconf 86' lang='lat' dir='ltr'>Pamphila</span> <span class='ocrx_word' id='word_1_195' title='bbox 385 2397 470 2461; x_wconf 88' lang='lat' dir='ltr'>inter</span> <span class='ocrx_word' id='word_1_196' title='bbox 492 2397 559 2459; x_wconf 91' lang='lat' dir='ltr'>eius</span> <span class='ocrx_word' id='word_1_197' title='bbox 582 2395 678 2461; x_wconf 89' lang='lat' dir='ltr'>verba</span> <span class='ocrx_word' id='word_1_198' title='bbox 699 2396 827 2459; x_wconf 91' lang='lat' dir='ltr'>domum</span> <span class='ocrx_word' id='word_1_199' title='bbox 852 2395 997 2474; x_wconf 89' lang='lat' dir='ltr'>intraret,</span> <span class='ocrx_word' id='word_1_200' title='bbox 1021 2415 1099 2461; x_wconf 89' lang='lat' dir='ltr'>earn</span> <span class='ocrx_word' id='word_1_201' title='bbox 1114 2404 1240 2462; x_wconf 91' lang='lat' dir='ltr'>secutus</span> 
     </span>
     <span class='ocr_line' id='line_1_26' title="bbox 105 2481 836 2562; baseline -0.003 -16"><span class='ocrx_word' id='word_1_202' title='bbox 105 2483 249 2547; x_wconf 84' lang='lat' dir='ltr'>Chaerea</span> <span class='ocrx_word' id='word_1_203' title='bbox 270 2504 341 2546; x_wconf 88' lang='lat' dir='ltr'>cum</span> <span class='ocrx_word' id='word_1_204' title='bbox 369 2483 560 2546; x_wconf 87' lang='lat' dir='ltr'>Parmenone</span> <span class='ocrx_word' id='word_1_205' title='bbox 583 2481 836 2562; x_wconf 87' lang='lat' dir='ltr'>congrederetur.</span> 
     </span>
    </p>

    <p class='ocr_par' dir='ltr' id='par_1_6' title="bbox 102 2565 1241 4094">
     <span class='ocr_line' id='line_1_27' title="bbox 191 2565 1241 2652; baseline 0 -20"><span class='ocrx_word' id='word_1_206' title='bbox 191 2569 232 2645; x_wconf 84' lang='grc' dir='ltr'>ΙΙ,</span> <span class='ocrx_word' id='word_1_207' title='bbox 256 2573 284 2652; x_wconf 74' lang='lat'>3,</span> <span class='ocrx_word' id='word_1_208' title='bbox 330 2567 419 2646; x_wconf 80' lang='lat' dir='ltr'>Quod</span> <span class='ocrx_word' id='word_1_209' title='bbox 443 2567 586 2630; x_wconf 86' lang='lat' dir='ltr'>Chaerea</span> <span class='ocrx_word' id='word_1_210' title='bbox 608 2588 679 2630; x_wconf 90' lang='lat' dir='ltr'>cum</span> <span class='ocrx_word' id='word_1_211' title='bbox 699 2567 896 2630; x_wconf 88' lang='lat' dir='ltr'>Parmenone</span> <span class='ocrx_word' id='word_1_212' title='bbox 918 2566 977 2630; x_wconf 91' lang='lat' dir='ltr'>init</span> <span class='ocrx_word' id='word_1_213' title='bbox 998 2565 1162 2630; x_wconf 91' lang='lat' dir='ltr'>consilium</span> <span class='ocrx_word' id='word_1_214' title='bbox 1185 2589 1241 2651; x_wconf 92' lang='lat' dir='ltr'>po·</span> 
     </span>
     <span class='ocr_line' id='line_1_28' title="bbox 103 2651 1240 2736; baseline 0.001 -19"><span class='ocrx_word' id='word_1_215' title='bbox 103 2655 236 2718; x_wconf 86' lang='lat' dir='ltr'>tinudae</span> <span class='ocrx_word' id='word_1_216' title='bbox 256 2653 398 2735; x_wconf 84' lang='lat' dir='ltr'>virginis,</span> <span class='ocrx_word' id='word_1_217' title='bbox 420 2673 459 2716; x_wconf 87' lang='lat' dir='ltr'>ex</span> <span class='ocrx_word' id='word_1_218' title='bbox 476 2651 643 2716; x_wconf 86' lang='lat' dir='ltr'>Menandri</span> <span class='ocrx_word' id='word_1_219' title='bbox 659 2651 812 2716; x_wconf 84' lang='lat' dir='ltr'>Eunucho</span> <span class='ocrx_word' id='word_1_220' title='bbox 828 2651 1010 2716; x_wconf 90' lang='lat' dir='ltr'>Terentium</span> <span class='ocrx_word' id='word_1_221' title='bbox 1030 2651 1240 2736; x_wconf 89' lang='lat' dir='ltr'>desumpsisse</span> 
     </span>
     <span class='ocr_line' id='line_1_29' title="bbox 104 2736 1239 2820; baseline 0 -18"><span class='ocrx_word' id='word_1_222' title='bbox 104 2759 208 2820; x_wconf 88' lang='lat' dir='ltr'>neque</span> <span class='ocrx_word' id='word_1_223' title='bbox 230 2739 269 2802; x_wconf 90' lang='lat' dir='ltr'>de</span> <span class='ocrx_word' id='word_1_224' title='bbox 292 2739 395 2802; x_wconf 88' lang='lat' dir='ltr'>verbis</span> <span class='ocrx_word' id='word_1_225' title='bbox 418 2738 592 2819; x_wconf 90' lang='lat' dir='ltr'>quidquam</span> <span class='ocrx_word' id='word_1_226' title='bbox 614 2744 754 2800; x_wconf 91' lang='lat' dir='ltr'>mutasse</span> <span class='ocrx_word' id='word_1_227' title='bbox 777 2742 924 2820; x_wconf 87' lang='lat' dir='ltr'>apparet;</span> <span class='ocrx_word' id='word_1_228' title='bbox 952 2758 1053 2818; x_wconf 91' lang='lat' dir='ltr'>neque</span> <span class='ocrx_word' id='word_1_229' title='bbox 1075 2736 1170 2802; x_wconf 90' lang='lat' dir='ltr'>aliter</span> <span class='ocrx_word' id='word_1_230' title='bbox 1191 2738 1239 2802; x_wconf 86' lang='lat' dir='ltr'>la-</span> 
     </span>
     <span class='ocr_line' id='line_1_30' title="bbox 102 2820 1239 2906; baseline 0.001 -19"><span class='ocrx_word' id='word_1_231' title='bbox 102 2845 175 2888; x_wconf 88' lang='lat' dir='ltr'>cere</span> <span class='ocrx_word' id='word_1_232' title='bbox 197 2823 310 2906; x_wconf 88' lang='lat' dir='ltr'>potuit,</span> <span class='ocrx_word' id='word_1_233' title='bbox 333 2823 483 2905; x_wconf 86' lang='lat' dir='ltr'>quoniam</span> <span class='ocrx_word' id='word_1_234' title='bbox 500 2822 559 2884; x_wconf 91' lang='lat' dir='ltr'>hac</span> <span class='ocrx_word' id='word_1_235' title='bbox 575 2843 668 2886; x_wconf 88' lang='lat' dir='ltr'>scena</span> <span class='ocrx_word' id='word_1_236' title='bbox 691 2822 789 2884; x_wconf 90' lang='lat' dir='ltr'>totius</span> <span class='ocrx_word' id='word_1_237' title='bbox 810 2821 937 2885; x_wconf 89' lang='lat' dir='ltr'>fabulae</span> <span class='ocrx_word' id='word_1_238' title='bbox 959 2821 1060 2886; x_wconf 89' lang='lat' dir='ltr'>nodus</span> <span class='ocrx_word' id='word_1_239' title='bbox 1081 2820 1119 2886; x_wconf 86' lang='lat' dir='ltr'>fit</span> <span class='ocrx_word' id='word_1_240' title='bbox 1141 2828 1239 2905; x_wconf 88' lang='lat' dir='ltr'>atque</span> 
     </span>
     <span class='ocr_line' id='line_1_31' title="bbox 103 2906 1238 2991; baseline 0 -19"><span class='ocrx_word' id='word_1_241' title='bbox 103 2909 293 2972; x_wconf 88' lang='lat' dir='ltr'>continetur.</span> <span class='ocrx_word' id='word_1_242' title='bbox 344 2910 495 2972; x_wconf 86' lang='lat' dir='ltr'>Attamen</span> <span class='ocrx_word' id='word_1_243' title='bbox 525 2907 564 2970; x_wconf 90' lang='lat' dir='ltr'>de</span> <span class='ocrx_word' id='word_1_244' title='bbox 591 2928 648 2970; x_wconf 90' lang='lat' dir='ltr'>suo</span> <span class='ocrx_word' id='word_1_245' title='bbox 670 2907 829 2970; x_wconf 85' lang='lat' dir='ltr'>addidisse</span> <span class='ocrx_word' id='word_1_246' title='bbox 852 2906 1028 2970; x_wconf 88' lang='lat' dir='ltr'>Romanum</span> <span class='ocrx_word' id='word_1_247' title='bbox 1050 2927 1154 2991; x_wconf 90' lang='lat' dir='ltr'>pauca</span> <span class='ocrx_word' id='word_1_248' title='bbox 1173 2908 1238 2972; x_wconf 89' lang='lat' dir='ltr'>iam</span> 
     </span>
     <span class='ocr_line' id='line_1_32' title="bbox 105 2991 1238 3076; baseline 0.001 -19"><span class='ocrx_word' id='word_1_249' title='bbox 105 2993 223 3076; x_wconf 86' lang='lat' dir='ltr'>Benfey</span> <span class='ocrx_word' id='word_1_250' title='bbox 246 2995 395 3071; x_wconf 80' lang='lat' dir='ltr'>adnotat3</span> <span class='ocrx_word' id='word_1_251' title='bbox 430 2993 471 3068; x_wconf 91' lang='lat' dir='ltr'>Il,</span> <span class='ocrx_word' id='word_1_252' title='bbox 496 2997 524 3068; x_wconf 89' lang='lat'>3,</span> <span class='ocrx_word' id='word_1_253' title='bbox 549 2997 586 3055; x_wconf 84' lang='lat'>27</span> <span class='ocrx_word' id='word_1_254' title='bbox 620 2991 715 3057; x_wconf 91' lang='lat' dir='ltr'>verba</span> <span class='ocrx_word' id='word_1_255' title='bbox 737 2991 843 3068; x_wconf 69' lang='lat' dir='ltr'>ulam,</span> <span class='ocrx_word' id='word_1_256' title='bbox 877 2993 1037 3074; x_wconf 90' lang='lat' dir='ltr'>precario,</span> <span class='ocrx_word' id='word_1_257' title='bbox 1070 2991 1109 3056; x_wconf 86' lang='lat' dir='ltr'>vi’</span> <span class='ocrx_word' id='word_1_258' title='bbox 1142 2994 1238 3058; x_wconf 90' lang='lat' dir='ltr'>edicti</span> 
     </span>
     <span class='ocr_line' id='line_1_33' title="bbox 103 3075 1239 3163; baseline 0.001 -22"><span class='ocrx_word' id='word_1_259' title='bbox 103 3079 261 3163; x_wconf 90' lang='lat' dir='ltr'>praetoris</span> <span class='ocrx_word' id='word_1_260' title='bbox 283 3099 350 3143; x_wconf 90' lang='lat' dir='ltr'>esse</span> <span class='ocrx_word' id='word_1_261' title='bbox 373 3086 479 3159; x_wconf 89' lang='lat' dir='ltr'>atque,</span> <span class='ocrx_word' id='word_1_262' title='bbox 503 3099 573 3141; x_wconf 92' lang='lat' dir='ltr'>cum</span> <span class='ocrx_word' id='word_1_263' title='bbox 596 3077 781 3141; x_wconf 80' lang='lat' dir='ltr'>facetiarum</span> <span class='ocrx_word' id='word_1_264' title='bbox 805 3077 873 3140; x_wconf 93' lang='lat' dir='ltr'>loco</span> <span class='ocrx_word' id='word_1_265' title='bbox 896 3075 1095 3152; x_wconf 83' lang='lat' dir='ltr'>afferrentur,</span> <span class='ocrx_word' id='word_1_266' title='bbox 1120 3083 1239 3144; x_wconf 87' lang='lat' dir='ltr'>stoma·</span> 
     </span>
     <span class='ocr_line' id='line_1_34' title="bbox 103 3161 1239 3244; baseline 0.002 -18"><span class='ocrx_word' id='word_1_267' title='bbox 103 3164 197 3227; x_wconf 89' lang='lat' dir='ltr'>chum</span> <span class='ocrx_word' id='word_1_268' title='bbox 220 3165 353 3228; x_wconf 87' lang='lat' dir='ltr'>movisse</span> <span class='ocrx_word' id='word_1_269' title='bbox 376 3164 526 3226; x_wconf 85' lang='lat' dir='ltr'>Romanis</span> <span class='ocrx_word' id='word_1_270' title='bbox 547 3163 773 3243; x_wconf 88' lang='lat' dir='ltr'>spectantibus.</span> <span class='ocrx_word' id='word_1_271' title='bbox 824 3163 929 3244; x_wconf 89' lang='lat' dir='ltr'>Atque</span> <span class='ocrx_word' id='word_1_272' title='bbox 956 3161 1133 3241; x_wconf 87' lang='lat' dir='ltr'>graviorem</span> <span class='ocrx_word' id='word_1_273' title='bbox 1163 3184 1239 3229; x_wconf 90' lang='lat' dir='ltr'>cou-</span> 
     </span>
     <span class='ocr_line' id='line_1_35' title="bbox 104 3246 1237 3332; baseline 0.003 -20"><span class='ocrx_word' id='word_1_274' title='bbox 104 3249 345 3332; x_wconf 90' lang='lat' dir='ltr'>citatioremqne</span> <span class='ocrx_word' id='word_1_275' title='bbox 367 3248 507 3312; x_wconf 82' lang='lat' dir='ltr'>effecisse</span> <span class='ocrx_word' id='word_1_276' title='bbox 529 3250 702 3311; x_wconf 89' lang='lat' dir='ltr'>orationem</span> <span class='ocrx_word' id='word_1_277' title='bbox 726 3247 893 3310; x_wconf 88' lang='lat' dir='ltr'>Terentius</span> <span class='ocrx_word' id='word_1_278' title='bbox 914 3269 942 3310; x_wconf 89' lang='lat' dir='ltr'>v.</span> <span class='ocrx_word' id='word_1_279' title='bbox 962 3250 1011 3309; x_wconf 87' lang='lat'>66.</span> <span class='ocrx_word' id='word_1_280' title='bbox 1033 3246 1172 3327; x_wconf 84' lang='lat' dir='ltr'>videtur;</span> <span class='ocrx_word' id='word_1_281' title='bbox 1195 3249 1237 3315; x_wconf 86' lang='lat' dir='ltr'>ad</span> 
     </span>
     <span class='ocr_line' id='line_1_36' title="bbox 105 3330 1237 3417; baseline 0 -19"><span class='ocrx_word' id='word_1_282' title='bbox 105 3335 165 3398; x_wconf 93' lang='lat' dir='ltr'>hoc</span> <span class='ocrx_word' id='word_1_283' title='bbox 186 3335 268 3397; x_wconf 91' lang='lat' dir='ltr'>enim</span> <span class='ocrx_word' id='word_1_284' title='bbox 291 3335 450 3417; x_wconf 88' lang='lat' dir='ltr'>pertinere</span> <span class='ocrx_word' id='word_1_285' title='bbox 472 3341 549 3417; x_wconf 89' lang='lat' dir='ltr'>puto</span> <span class='ocrx_word' id='word_1_286' title='bbox 576 3333 690 3395; x_wconf 88' lang='lat' dir='ltr'>Donati</span> <span class='ocrx_word' id='word_1_287' title='bbox 711 3331 808 3395; x_wconf 87' lang='lat' dir='ltr'>illud:</span> <span class='ocrx_word' id='word_1_288' title='bbox 842 3330 929 3394; x_wconf 85' lang='lat' dir='ltr'>Mire</span> <span class='ocrx_word' id='word_1_289' title='bbox 956 3332 1115 3394; x_wconf 79' lang='lat' dir='ltr'>Terentiae</span> <span class='ocrx_word' id='word_1_290' title='bbox 1132 3332 1237 3414; x_wconf 79' lang='lat' dir='ltr'>primo</span> 
     </span>
     <span class='ocr_line' id='line_1_37' title="bbox 104 3415 1234 3500; baseline 0 -16"><span class='ocrx_word' id='word_1_291' title='bbox 104 3419 284 3500; x_wconf 80' lang='lat' dir='ltr'>simpliciter</span> <span class='ocrx_word' id='word_1_292' title='bbox 315 3418 466 3482; x_wconf 77' lang='lat' dir='ltr'>Eunucho</span> <span class='ocrx_word' id='word_1_293' title='bbox 500 3439 610 3482; x_wconf 80' lang='lat' dir='ltr'>nomen</span> <span class='ocrx_word' id='word_1_294' title='bbox 639 3415 743 3499; x_wconf 83' lang='lat' dir='ltr'>posuit</span> <span class='ocrx_word' id='word_1_295' title='bbox 774 3416 847 3480; x_wconf 78' lang='lat' dir='ltr'>huic</span> <span class='ocrx_word' id='word_1_296' title='bbox 879 3438 996 3500; x_wconf 85' lang='lat' dir='ltr'>qunque</span> <span class='ocrx_word' id='word_1_297' title='bbox 1028 3417 1234 3484; x_wconf 79' lang='lat' dir='ltr'>detracturus.</span> 
     </span>
     <span class='ocr_line' id='line_1_38' title="bbox 105 3501 1236 3586; baseline -0.001 -17"><span class='ocrx_word' id='word_1_298' title='bbox 105 3507 213 3586; x_wconf 89' lang='lat' dir='ltr'>Neque</span> <span class='ocrx_word' id='word_1_299' title='bbox 243 3505 327 3569; x_wconf 90' lang='lat' dir='ltr'>enim</span> <span class='ocrx_word' id='word_1_300' title='bbox 354 3525 373 3566; x_wconf 91' lang='lat' dir='ltr'>a</span> <span class='ocrx_word' id='word_1_301' title='bbox 403 3504 610 3567; x_wconf 85' lang='lat' dir='ltr'>Parmenonis</span> <span class='ocrx_word' id='word_1_302' title='bbox 637 3503 735 3585; x_wconf 90' lang='lat' dir='ltr'>ipsius</span> <span class='ocrx_word' id='word_1_303' title='bbox 762 3502 890 3585; x_wconf 90' lang='lat' dir='ltr'>ingenio</span> <span class='ocrx_word' id='word_1_304' title='bbox 919 3501 1111 3566; x_wconf 87' lang='lat' dir='ltr'>abhorrebat</span> <span class='ocrx_word' id='word_1_305' title='bbox 1138 3505 1236 3568; x_wconf 90' lang='lat' dir='ltr'>etiam</span> 
     </span>
     <span class='ocr_line' id='line_1_39' title="bbox 103 3586 1237 3674; baseline -0.002 -19"><span class='ocrx_word' id='word_1_306' title='bbox 103 3593 205 3674; x_wconf 90' lang='lat' dir='ltr'>ipsum</span> <span class='ocrx_word' id='word_1_307' title='bbox 229 3589 413 3654; x_wconf 87' lang='lat' dir='ltr'>foeditatem</span> <span class='ocrx_word' id='word_1_308' title='bbox 437 3589 518 3652; x_wconf 88' lang='lat' dir='ltr'>servi</span> <span class='ocrx_word' id='word_1_309' title='bbox 539 3588 733 3672; x_wconf 87' lang='lat' dir='ltr'>praedicare.</span> <span class='ocrx_word' id='word_1_310' title='bbox 777 3586 889 3652; x_wconf 91' lang='lat' dir='ltr'>Paullo</span> <span class='ocrx_word' id='word_1_311' title='bbox 911 3595 1048 3650; x_wconf 87' lang='lat' dir='ltr'>mutasse</span> <span class='ocrx_word' id='word_1_312' title='bbox 1064 3590 1237 3653; x_wconf 88' lang='lat' dir='ltr'>sententia·</span> 
     </span>
     <span class='ocr_line' id='line_1_40' title="bbox 104 3671 1234 3756; baseline 0 -17"><span class='ocrx_word' id='word_1_313' title='bbox 104 3696 174 3740; x_wconf 90' lang='lat' dir='ltr'>rum</span> <span class='ocrx_word' id='word_1_314' title='bbox 196 3695 310 3738; x_wconf 86' lang='lat' dir='ltr'>nexum</span> <span class='ocrx_word' id='word_1_315' title='bbox 333 3673 482 3756; x_wconf 88' lang='lat' dir='ltr'>aliudque</span> <span class='ocrx_word' id='word_1_316' title='bbox 504 3675 659 3738; x_wconf 88' lang='lat' dir='ltr'>invenisse</span> <span class='ocrx_word' id='word_1_317' title='bbox 671 3672 836 3736; x_wconf 87' lang='lat' dir='ltr'>Terentius</span> <span class='ocrx_word' id='word_1_318' title='bbox 858 3671 983 3736; x_wconf 88' lang='lat' dir='ltr'>videtur</span> <span class='ocrx_word' id='word_1_319' title='bbox 1004 3671 1099 3735; x_wconf 89' lang='lat' dir='ltr'>etiam</span> <span class='ocrx_word' id='word_1_320' title='bbox 1123 3695 1149 3736; x_wconf 87' lang='lat' dir='ltr'>v.</span> <span class='ocrx_word' id='word_1_321' title='bbox 1168 3679 1234 3754; x_wconf 83' lang='lat'><strong>73.;</strong></span> 
     </span>
     <span class='ocr_line' id='line_1_41' title="bbox 105 3757 1235 3840; baseline -0.004 -16"><span class='ocrx_word' id='word_1_322' title='bbox 105 3761 238 3825; x_wconf 88' lang='lat' dir='ltr'>adnotat</span> <span class='ocrx_word' id='word_1_323' title='bbox 258 3761 343 3823; x_wconf 91' lang='lat' dir='ltr'>enim</span> <span class='ocrx_word' id='word_1_324' title='bbox 365 3757 526 3823; x_wconf 88' lang='lat' dir='ltr'>Donatus:</span> <span class='ocrx_word' id='word_1_325' title='bbox 557 3759 636 3820; x_wconf 82' lang='lat' dir='ltr'>Vide</span> <span class='ocrx_word' id='word_1_326' title='bbox 659 3757 848 3832; x_wconf 84' lang='lat' dir='ltr'>Terentium,</span> <span class='ocrx_word' id='word_1_327' title='bbox 873 3765 907 3820; x_wconf 80' lang='lat' dir='ltr'>ut</span> <span class='ocrx_word' id='word_1_328' title='bbox 928 3778 990 3819; x_wconf 82' lang='lat' dir='ltr'>non</span> <span class='ocrx_word' id='word_1_329' title='bbox 1011 3757 1153 3840; x_wconf 82' lang='lat' dir='ltr'>quaesite</span> <span class='ocrx_word' id='word_1_330' title='bbox 1172 3779 1235 3823; x_wconf 82' lang='lat' dir='ltr'>case</span> 
     </span>
     <span class='ocr_line' id='line_1_42' title="bbox 104 3840 1234 3926; baseline -0.001 -17"><span class='ocrx_word' id='word_1_331' title='bbox 104 3845 179 3909; x_wconf 83' lang='lat' dir='ltr'>daec</span> <span class='ocrx_word' id='word_1_332' title='bbox 198 3845 345 3923; x_wconf 76' lang='lat' dir='ltr'>fallacia,</span> <span class='ocrx_word' id='word_1_333' title='bbox 369 3845 424 3907; x_wconf 81' lang='lat' dir='ltr'>sed</span> <span class='ocrx_word' id='word_1_334' title='bbox 437 3844 506 3926; x_wconf 66' lang='lat' dir='ltr'>apsa</span> <span class='ocrx_word' id='word_1_335' title='bbox 521 3864 553 3905; x_wconf 85' lang='lat' dir='ltr'>se</span> <span class='ocrx_word' id='word_1_336' title='bbox 562 3842 703 3906; x_wconf 82' lang='lat' dir='ltr'>obtulisse</span> <span class='ocrx_word' id='word_1_337' title='bbox 717 3843 869 3916; x_wconf 84' lang='lat' dir='ltr'>uideatur,</span> <span class='ocrx_word' id='word_1_338' title='bbox 893 3840 1079 3906; x_wconf 78' lang='lat' dir='ltr'>facilitatem</span> <span class='ocrx_word' id='word_1_339' title='bbox 1095 3843 1234 3908; x_wconf 90' lang='lat' dir='ltr'>Terentii</span> 
     </span>
     <span class='ocr_line' id='line_1_43' title="bbox 103 3925 1234 4012; baseline -0.003 -17"><span class='ocrx_word' id='word_1_340' title='bbox 103 3931 251 4009; x_wconf 89' lang='lat' dir='ltr'>laudans;</span> <span class='ocrx_word' id='word_1_341' title='bbox 289 3949 498 4012; x_wconf 91' lang='lat' dir='ltr'>quamquam,</span> <span class='ocrx_word' id='word_1_342' title='bbox 529 3929 686 4011; x_wconf 90' lang='lat' dir='ltr'>quomodo</span> <span class='ocrx_word' id='word_1_343' title='bbox 715 3927 800 4011; x_wconf 90' lang='lat' dir='ltr'>apud</span> <span class='ocrx_word' id='word_1_344' title='bbox 830 3925 1039 3992; x_wconf 88' lang='lat' dir='ltr'>Menandrum</span> <span class='ocrx_word' id='word_1_345' title='bbox 1068 3926 1234 3992; x_wconf 90' lang='lat' dir='ltr'>consilium</span> 
     </span>
     <span class='ocr_line' id='line_1_44' title="bbox 103 4014 675 4094; baseline -0.012 -11"><span class='ocrx_word' id='word_1_346' title='bbox 103 4017 282 4083; x_wconf 87' lang='lat' dir='ltr'>institutum</span> <span class='ocrx_word' id='word_1_347' title='bbox 305 4014 410 4094; x_wconf 83' lang='lat' dir='ltr'>luerit,</span> <span class='ocrx_word' id='word_1_348' title='bbox 432 4036 495 4078; x_wconf 90' lang='lat' dir='ltr'>non</span> <span class='ocrx_word' id='word_1_349' title='bbox 517 4014 675 4077; x_wconf 90' lang='lat' dir='ltr'>restituas.</span> 
     </span>
    </p>

    <p class='ocr_par' dir='ltr' id='par_1_7' title="bbox 188 4095 1234 4170">
     <span class='ocr_line' id='line_1_45' title="bbox 188 4095 1234 4170; baseline -0.004 -4"><span class='ocrx_word' id='word_1_350' title='bbox 188 4104 257 4166; x_wconf 87' lang='lat' dir='ltr'>Act.</span> <span class='ocrx_word' id='word_1_351' title='bbox 278 4099 337 4164; x_wconf 90' lang='lat' dir='ltr'><strong>III.</strong></span> <span class='ocrx_word' id='word_1_352' title='bbox 382 4101 451 4166; x_wconf 90' lang='lat' dir='ltr'>Iam</span> <span class='ocrx_word' id='word_1_353' title='bbox 466 4098 610 4164; x_wconf 88' lang='lat' dir='ltr'>Chaerea</span> <span class='ocrx_word' id='word_1_354' title='bbox 630 4095 767 4162; x_wconf 92' lang='lat' dir='ltr'>eunuchi</span> <span class='ocrx_word' id='word_1_355' title='bbox 781 4102 867 4161; x_wconf 81' lang='lat' dir='ltr'>veste</span> <span class='ocrx_word' id='word_1_356' title='bbox 881 4096 1010 4170; x_wconf 86' lang='lat' dir='ltr'>indutus</span> <span class='ocrx_word' id='word_1_357' title='bbox 1024 4097 1065 4162; x_wconf 85' lang='lat' dir='ltr'>ad</span> <span class='ocrx_word' id='word_1_358' title='bbox 1080 4095 1234 4169; x_wconf 87' lang='lat' dir='ltr'>Thaidem</span> 
     </span>
    </p>
   </div>
   <div class='ocr_carea' id='block_1_5' title="bbox 988 4220 1004 4270">
    <p class='ocr_par' dir='ltr' id='par_1_8' title="bbox 988 4220 1004 4270">
     <span class='ocr_line' id='line_1_46' title="bbox 988 4220 1004 4270; baseline 0 0"><span class='ocrx_word' id='word_1_359' title='bbox 988 4220 1004 4270; x_wconf 88' lang='grc'>3</span> 
     </span>
    </p>
   </div>
   <div class='ocr_carea' id='block_1_6' title="bbox 0 0 1456 4658">
    <p class='ocr_par' dir='ltr' id='par_1_9' title="bbox 0 0 1456 4658">
     <span class='ocr_line' id='line_1_47' title="bbox 0 0 1456 4658; baseline 0 0"><span class='ocrx_word' id='word_1_360' title='bbox 0 0 1456 4658; x_wconf 95' lang='lat' dir='ltr'> </span> 
     </span>
    </p>
   </div>
  </div>
 </body>
</html>
