<?xml version="1.0" encoding="UTF-8"?>
<!DOCTYPE html PUBLIC "-//W3C//DTD XHTML 1.0 Transitional//EN"
    "http://www.w3.org/TR/xhtml1/DTD/xhtml1-transitional.dtd">
<html xmlns="http://www.w3.org/1999/xhtml" xml:lang="en" lang="en">
 <head>
  <title>
</title>
<meta http-equiv="Content-Type" content="text/html;charset=utf-8" />
  <meta name='ocr-system' content='tesseract 3.04.00' />
  <meta name='ocr-capabilities' content='ocr_page ocr_carea ocr_par ocr_line ocrx_word'/>
</head>
<body>
  <div class='ocr_page' id='page_1' title='image "./quaestionestere00braugoog_0032.png"; bbox 0 0 2900 4658; ppageno 0'>
   <div class='ocr_carea' id='block_1_1' title="bbox 654 243 693 304">
    <p class='ocr_par' dir='ltr' id='par_1_1' title="bbox 654 243 693 304">
     <span class='ocr_line' id='line_1_1' title="bbox 654 243 693 304; baseline 0 0"><span class='ocrx_word' id='word_1_1' title='bbox 654 243 693 304; x_wconf 80' lang='lat'>25</span> 
     </span>
    </p>
   </div>
   <div class='ocr_carea' id='block_1_2' title="bbox 100 427 1294 3826">
    <p class='ocr_par' dir='ltr' id='par_1_2' title="bbox 100 427 1244 2384">
     <span class='ocr_line' id='line_1_2' title="bbox 100 427 1242 512; baseline -0.002 -18"><span class='ocrx_word' id='word_1_2' title='bbox 100 427 248 494; x_wconf 86' lang='lat' dir='ltr'>maxime</span> <span class='ocrx_word' id='word_1_3' title='bbox 269 427 457 508; x_wconf 88' lang='lat' dir='ltr'>pertinentis</span> <span class='ocrx_word' id='word_1_4' title='bbox 479 432 599 510; x_wconf 89' lang='lat' dir='ltr'>partem</span> <span class='ocrx_word' id='word_1_5' title='bbox 631 449 648 492; x_wconf 92' lang='lat' dir='ltr'>e</span> <span class='ocrx_word' id='word_1_6' title='bbox 676 427 789 492; x_wconf 87' lang='lat' dir='ltr'>Colace</span> <span class='ocrx_word' id='word_1_7' title='bbox 818 432 976 512; x_wconf 88' lang='lat' dir='ltr'>sumptam</span> <span class='ocrx_word' id='word_1_8' title='bbox 1005 448 1073 492; x_wconf 90' lang='lat' dir='ltr'>esse</span> <span class='ocrx_word' id='word_1_9' title='bbox 1100 427 1242 511; x_wconf 85' lang='lat' dir='ltr'>disputat</span> 
     </span>
     <span class='ocr_line' id='line_1_3' title="bbox 101 511 1241 597; baseline -0.002 -17"><span class='ocrx_word' id='word_1_10' title='bbox 101 535 244 597; x_wconf 89' lang='lat' dir='ltr'>cumque</span> <span class='ocrx_word' id='word_1_11' title='bbox 275 511 416 575; x_wconf 77' lang='lat' dir='ltr'><strong>Eunuchi</strong></span> <span class='ocrx_word' id='word_1_12' title='bbox 447 531 536 576; x_wconf 91' lang='lat' dir='ltr'>servo</span> <span class='ocrx_word' id='word_1_13' title='bbox 562 514 609 577; x_wconf 86' lang='lat' dir='ltr'>ita</span> <span class='ocrx_word' id='word_1_14' title='bbox 639 514 855 586; x_wconf 84' lang='lat' dir='ltr'>coniunctam,</span> <span class='ocrx_word' id='word_1_15' title='bbox 892 521 929 576; x_wconf 89' lang='lat' dir='ltr'>ut</span> <span class='ocrx_word' id='word_1_16' title='bbox 960 529 1041 577; x_wconf 81' lang='lat' dir='ltr'>rmus</span> <span class='ocrx_word' id='word_1_17' title='bbox 1074 512 1241 578; x_wconf 87' lang='lat' dir='ltr'>exstiterit.</span> 
     </span>
     <span class='ocr_line' id='line_1_4' title="bbox 103 597 1242 666; baseline -0.002 -2"><span class='ocrx_word' id='word_1_18' title='bbox 103 603 179 664; x_wconf 91' lang='lat' dir='ltr'>lam</span> <span class='ocrx_word' id='word_1_19' title='bbox 195 597 316 662; x_wconf 91' lang='lat' dir='ltr'>etiamsi</span> <span class='ocrx_word' id='word_1_20' title='bbox 333 597 364 660; x_wconf 89' lang='lat' dir='ltr'>in</span> <span class='ocrx_word' id='word_1_21' title='bbox 383 597 548 660; x_wconf 85' lang='lat' dir='ltr'>Menandri</span> <span class='ocrx_word' id='word_1_22' title='bbox 569 598 682 662; x_wconf 78' lang='lat' dir='ltr'>Colace</span> <span class='ocrx_word' id='word_1_23' title='bbox 697 599 831 664; x_wconf 89' lang='lat' dir='ltr'>alterum</span> <span class='ocrx_word' id='word_1_24' title='bbox 855 603 1027 666; x_wconf 81' lang='lat' dir='ltr'><strong>amatorem</strong></span> <span class='ocrx_word' id='word_1_25' title='bbox 1050 597 1147 662; x_wconf 87' lang='lat' dir='ltr'>luisse</span> <span class='ocrx_word' id='word_1_26' title='bbox 1169 619 1242 662; x_wconf 88' lang='lat' dir='ltr'>cou-</span> 
     </span>
     <span class='ocr_line' id='line_1_5' title="bbox 103 682 1241 766; baseline -0.002 -16"><span class='ocrx_word' id='word_1_27' title='bbox 103 686 205 750; x_wconf 81' lang='lat' dir='ltr'>cedas</span> <span class='ocrx_word' id='word_1_28' title='bbox 227 683 323 766; x_wconf 88' lang='lat' dir='ltr'>(quod</span> <span class='ocrx_word' id='word_1_29' title='bbox 355 688 391 744; x_wconf 91' lang='lat' dir='ltr'>nt</span> <span class='ocrx_word' id='word_1_30' title='bbox 417 689 509 764; x_wconf 86' lang='lat' dir='ltr'>putes</span> <span class='ocrx_word' id='word_1_31' title='bbox 531 683 621 748; x_wconf 89' lang='lat' dir='ltr'>nulla</span> <span class='ocrx_word' id='word_1_32' title='bbox 644 703 676 746; x_wconf 92' lang='lat' dir='ltr'>re</span> <span class='ocrx_word' id='word_1_33' title='bbox 699 683 897 761; x_wconf 78' lang='lat' dir='ltr'>adducaris),</span> <span class='ocrx_word' id='word_1_34' title='bbox 929 682 988 746; x_wconf 88' lang='lat' dir='ltr'>hae</span> <span class='ocrx_word' id='word_1_35' title='bbox 1017 690 1125 766; x_wconf 90' lang='lat' dir='ltr'>partes</span> <span class='ocrx_word' id='word_1_36' title='bbox 1152 683 1241 748; x_wconf 91' lang='lat' dir='ltr'>nullo</span> 
     </span>
     <span class='ocr_line' id='line_1_6' title="bbox 104 767 1241 850; baseline -0.002 -16"><span class='ocrx_word' id='word_1_37' title='bbox 104 771 204 835; x_wconf 91' lang='lat' dir='ltr'>modo</span> <span class='ocrx_word' id='word_1_38' title='bbox 221 767 394 831; x_wconf 87' lang='lat' dir='ltr'>Phaedriae</span> <span class='ocrx_word' id='word_1_39' title='bbox 411 767 506 829; x_wconf 90' lang='lat' dir='ltr'>tribui</span> <span class='ocrx_word' id='word_1_40' title='bbox 522 774 668 850; x_wconf 81' lang='lat' dir='ltr'>possunt:</span> <span class='ocrx_word' id='word_1_41' title='bbox 692 775 787 850; x_wconf 88' lang='lat' dir='ltr'>atque</span> <span class='ocrx_word' id='word_1_42' title='bbox 803 773 838 830; x_wconf 91' lang='lat' dir='ltr'>ut</span> <span class='ocrx_word' id='word_1_43' title='bbox 861 767 918 831; x_wconf 92' lang='lat' dir='ltr'>hoc</span> <span class='ocrx_word' id='word_1_44' title='bbox 941 769 1095 841; x_wconf 79' lang='lat' dir='ltr'>omittam,</span> <span class='ocrx_word' id='word_1_45' title='bbox 1117 789 1241 832; x_wconf 88' lang='lat' dir='ltr'>servum</span> 
     </span>
     <span class='ocr_line' id='line_1_7' title="bbox 105 851 1243 920; baseline -0.002 0"><span class='ocrx_word' id='word_1_46' title='bbox 105 855 316 920; x_wconf 84' lang='lat' dir='ltr'>Parmenonis</span> <span class='ocrx_word' id='word_1_47' title='bbox 337 851 431 914; x_wconf 89' lang='lat' dir='ltr'>modo</span> <span class='ocrx_word' id='word_1_48' title='bbox 453 851 691 918; x_wconf 90' lang='lat' dir='ltr'>callidissimum</span> <span class='ocrx_word' id='word_1_49' title='bbox 712 859 744 916; x_wconf 87' lang='lat' dir='ltr'>et</span> <span class='ocrx_word' id='word_1_50' title='bbox 758 853 1010 918; x_wconf 89' lang='lat' dir='ltr'>verbosissimum</span> <span class='ocrx_word' id='word_1_51' title='bbox 1027 855 1058 918; x_wconf 92' lang='lat' dir='ltr'>in</span> <span class='ocrx_word' id='word_1_52' title='bbox 1075 853 1243 918; x_wconf 87' lang='lat' dir='ltr'>Menandri</span> 
     </span>
     <span class='ocr_line' id='line_1_8' title="bbox 106 937 1243 1020; baseline 0.002 -16"><span class='ocrx_word' id='word_1_53' title='bbox 106 938 336 1004; x_wconf 85' lang='lat' dir='ltr'>Colaoefuisse</span> <span class='ocrx_word' id='word_1_54' title='bbox 353 937 515 1014; x_wconf 89' lang='lat' dir='ltr'>nonlicet,</span> <span class='ocrx_word' id='word_1_55' title='bbox 536 938 619 1020; x_wconf 80' lang='lat' dir='ltr'>quia,</span> <span class='ocrx_word' id='word_1_56' title='bbox 643 938 668 1000; x_wconf 91' lang='lat' dir='ltr'>si</span> <span class='ocrx_word' id='word_1_57' title='bbox 693 938 805 1014; x_wconf 86' lang='lat' dir='ltr'>inerat,</span> <span class='ocrx_word' id='word_1_58' title='bbox 828 937 951 1018; x_wconf 83' lang='lat' dir='ltr'>longior</span> <span class='ocrx_word' id='word_1_59' title='bbox 966 939 1130 1004; x_wconf 85' lang='lat' dir='ltr'>Menandri</span> <span class='ocrx_word' id='word_1_60' title='bbox 1153 957 1243 1007; x_wconf 76' lang='lat' dir='ltr'>more</span> 
     </span>
     <span class='ocr_line' id='line_1_9' title="bbox 105 1021 1241 1092; baseline -0.004 0"><span class='ocrx_word' id='word_1_61' title='bbox 105 1034 143 1092; x_wconf 90' lang='lat' dir='ltr'>et</span> <span class='ocrx_word' id='word_1_62' title='bbox 174 1023 329 1090; x_wconf 86' lang='lat' dir='ltr'>difficilior</span> <span class='ocrx_word' id='word_1_63' title='bbox 360 1027 430 1086; x_wconf 90' lang='lat' dir='ltr'>erat</span> <span class='ocrx_word' id='word_1_64' title='bbox 461 1021 578 1086; x_wconf 87' lang='lat' dir='ltr'>fabula.</span> <span class='ocrx_word' id='word_1_65' title='bbox 627 1023 689 1087; x_wconf 83' lang='lat' dir='ltr'>Sed</span> <span class='ocrx_word' id='word_1_66' title='bbox 713 1024 939 1086; x_wconf 89' lang='lat' dir='ltr'>Parmenonem</span> <span class='ocrx_word' id='word_1_67' title='bbox 961 1030 1061 1086; x_wconf 87' lang='lat' dir='ltr'>totum</span> <span class='ocrx_word' id='word_1_68' title='bbox 1089 1043 1156 1086; x_wconf 89' lang='lat' dir='ltr'>esse</span> <span class='ocrx_word' id='word_1_69' title='bbox 1180 1023 1241 1088; x_wconf 86' lang='lat' dir='ltr'>Eu·</span> 
     </span>
     <span class='ocr_line' id='line_1_10' title="bbox 105 1107 1242 1191; baseline -0.004 -15"><span class='ocrx_word' id='word_1_70' title='bbox 105 1111 206 1176; x_wconf 88' lang='lat' dir='ltr'>nuchi</span> <span class='ocrx_word' id='word_1_71' title='bbox 228 1114 370 1190; x_wconf 89' lang='lat' dir='ltr'>apparet.</span> <span class='ocrx_word' id='word_1_72' title='bbox 414 1107 502 1184; x_wconf 81' lang='lat' dir='ltr'>Quae</span> <span class='ocrx_word' id='word_1_73' title='bbox 524 1109 565 1185; x_wconf 95' lang='grc' dir='ltr'>ΙΙ,</span> <span class='ocrx_word' id='word_1_74' title='bbox 588 1113 605 1170; x_wconf 83' lang='grc'>2</span> <span class='ocrx_word' id='word_1_75' title='bbox 629 1108 816 1191; x_wconf 87' lang='lat' dir='ltr'>interposita</span> <span class='ocrx_word' id='word_1_76' title='bbox 837 1108 987 1188; x_wconf 90' lang='lat' dir='ltr'>leguntur</span> <span class='ocrx_word' id='word_1_77' title='bbox 1007 1108 1091 1172; x_wconf 90' lang='lat' dir='ltr'>inter</span> <span class='ocrx_word' id='word_1_78' title='bbox 1102 1108 1242 1173; x_wconf 84' lang='lat' dir='ltr'>Gnatho-</span> 
     </span>
     <span class='ocr_line' id='line_1_11' title="bbox 105 1192 1242 1278; baseline -0.002 -18"><span class='ocrx_word' id='word_1_79' title='bbox 105 1198 160 1260; x_wconf 87' lang='lat' dir='ltr'>nis</span> <span class='ocrx_word' id='word_1_80' title='bbox 181 1194 370 1270; x_wconf 77' lang='lat' dir='ltr'>orationem,</span> <span class='ocrx_word' id='word_1_81' title='bbox 403 1192 584 1256; x_wconf 87' lang='lat' dir='ltr'>Terentium</span> <span class='ocrx_word' id='word_1_82' title='bbox 613 1193 771 1256; x_wconf 85' lang='lat' dir='ltr'>addidisse</span> <span class='ocrx_word' id='word_1_83' title='bbox 799 1201 876 1278; x_wconf 90' lang='lat' dir='ltr'>puto</span> <span class='ocrx_word' id='word_1_84' title='bbox 899 1200 954 1258; x_wconf 90' lang='lat' dir='ltr'>aut</span> <span class='ocrx_word' id='word_1_85' title='bbox 978 1193 1016 1256; x_wconf 92' lang='lat' dir='ltr'>de</span> <span class='ocrx_word' id='word_1_86' title='bbox 1039 1215 1094 1256; x_wconf 91' lang='lat' dir='ltr'>sno</span> <span class='ocrx_word' id='word_1_87' title='bbox 1117 1199 1174 1258; x_wconf 90' lang='lat' dir='ltr'>aut</span> <span class='ocrx_word' id='word_1_88' title='bbox 1195 1213 1242 1258; x_wconf 86' lang='lat' dir='ltr'>re-</span> 
     </span>
     <span class='ocr_line' id='line_1_12' title="bbox 106 1277 1242 1360; baseline -0.003 -15"><span class='ocrx_word' id='word_1_89' title='bbox 106 1281 273 1346; x_wconf 88' lang='lat' dir='ltr'>cordatum</span> <span class='ocrx_word' id='word_1_90' title='bbox 297 1299 335 1342; x_wconf 88' lang='lat' dir='ltr'>ex</span> <span class='ocrx_word' id='word_1_91' title='bbox 358 1277 500 1360; x_wconf 89' lang='lat' dir='ltr'>qualibet</span> <span class='ocrx_word' id='word_1_92' title='bbox 521 1278 629 1342; x_wconf 88' lang='lat' dir='ltr'>sabula</span> <span class='ocrx_word' id='word_1_93' title='bbox 652 1277 787 1353; x_wconf 78' lang='lat' dir='ltr'>Graeca,</span> <span class='ocrx_word' id='word_1_94' title='bbox 821 1285 857 1341; x_wconf 90' lang='lat' dir='ltr'>ut</span> <span class='ocrx_word' id='word_1_95' title='bbox 885 1278 1102 1342; x_wconf 89' lang='lat' dir='ltr'>iucundiorem</span> <span class='ocrx_word' id='word_1_96' title='bbox 1129 1284 1162 1342; x_wconf 93' lang='lat' dir='ltr'>et</span> <span class='ocrx_word' id='word_1_97' title='bbox 1188 1299 1242 1343; x_wconf 90' lang='lat' dir='ltr'>va·</span> 
     </span>
     <span class='ocr_line' id='line_1_13' title="bbox 107 1363 1242 1441; baseline -0.001 -12"><span class='ocrx_word' id='word_1_98' title='bbox 107 1368 224 1430; x_wconf 91' lang='lat' dir='ltr'>riorem</span> <span class='ocrx_word' id='word_1_99' title='bbox 247 1363 395 1426; x_wconf 90' lang='lat' dir='ltr'>redderet</span> <span class='ocrx_word' id='word_1_100' title='bbox 417 1363 599 1426; x_wconf 84' lang='lat' dir='ltr'>orationem.</span> <span class='ocrx_word' id='word_1_101' title='bbox 645 1363 734 1440; x_wconf 80' lang='lat' dir='ltr'>Quod</span> <span class='ocrx_word' id='word_1_102' title='bbox 757 1364 803 1426; x_wconf 87' lang='lat' dir='ltr'>ita</span> <span class='ocrx_word' id='word_1_103' title='bbox 825 1383 892 1426; x_wconf 91' lang='lat' dir='ltr'>esse</span> <span class='ocrx_word' id='word_1_104' title='bbox 915 1364 1006 1426; x_wconf 90' lang='lat' dir='ltr'>testis</span> <span class='ocrx_word' id='word_1_105' title='bbox 1028 1365 1081 1441; x_wconf 64' lang='lat' dir='ltr'>ests</span> <span class='ocrx_word' id='word_1_106' title='bbox 1100 1364 1242 1428; x_wconf 78' lang='lat' dir='ltr'>Donatus</span> 
     </span>
     <span class='ocr_line' id='line_1_14' title="bbox 106 1447 1241 1528; baseline -0.003 -13"><span class='ocrx_word' id='word_1_107' title='bbox 106 1452 150 1515; x_wconf 86' lang='lat' dir='ltr'>ad</span> <span class='ocrx_word' id='word_1_108' title='bbox 174 1451 213 1523; x_wconf 88' lang='grc' dir='ltr'>ΙΙ,</span> <span class='ocrx_word' id='word_1_109' title='bbox 239 1454 266 1524; x_wconf 90' lang='grc'>2,</span> <span class='ocrx_word' id='word_1_110' title='bbox 290 1452 329 1510; x_wconf 83' lang='grc'>24</span> <span class='ocrx_word' id='word_1_111' title='bbox 351 1447 524 1512; x_wconf 88' lang='lat' dir='ltr'>adnotans:</span> <span class='ocrx_word' id='word_1_112' title='bbox 555 1449 640 1510; x_wconf 83' lang='lat' dir='ltr'>Mire</span> <span class='ocrx_word' id='word_1_113' title='bbox 666 1449 826 1510; x_wconf 83' lang='lat' dir='ltr'>Terentius</span> <span class='ocrx_word' id='word_1_114' title='bbox 848 1448 957 1528; x_wconf 70' lang='lat' dir='ltr'>longae</span> <span class='ocrx_word' id='word_1_115' title='bbox 984 1449 1120 1512; x_wconf 88' lang='lat' dir='ltr'>orationi</span> <span class='ocrx_word' id='word_1_116' title='bbox 1147 1447 1241 1512; x_wconf 87' lang='lat' dir='ltr'>inter·</span> 
     </span>
     <span class='ocr_line' id='line_1_15' title="bbox 105 1531 1243 1620; baseline -0.002 -22"><span class='ocrx_word' id='word_1_117' title='bbox 105 1535 214 1620; x_wconf 79' lang='lat' dir='ltr'>loquio</span> <span class='ocrx_word' id='word_1_118' title='bbox 236 1533 386 1617; x_wconf 84' lang='lat' dir='ltr'>quaedam</span> <span class='ocrx_word' id='word_1_119' title='bbox 410 1531 534 1594; x_wconf 77' lang='lat' dir='ltr'>adhibet</span> <span class='ocrx_word' id='word_1_120' title='bbox 554 1543 588 1594; x_wconf 86' lang='lat' dir='ltr'>nt</span> <span class='ocrx_word' id='word_1_121' title='bbox 608 1533 774 1613; x_wconf 73' lang='lat' dir='ltr'>fastidium</span> <span class='ocrx_word' id='word_1_122' title='bbox 796 1532 992 1616; x_wconf 75' lang='lat' dir='ltr'>prolixitatis</span> <span class='ocrx_word' id='word_1_123' title='bbox 1019 1534 1115 1596; x_wconf 84' lang='lat' dir='ltr'>evitet.</span> <span class='ocrx_word' id='word_1_124' title='bbox 1162 1533 1243 1597; x_wconf 77' lang='lat' dir='ltr'>uelat</span> 
     </span>
     <span class='ocr_line' id='line_1_16' title="bbox 106 1617 1243 1702; baseline -0.003 -17"><span class='ocrx_word' id='word_1_125' title='bbox 106 1643 193 1685; x_wconf 80' lang='lat' dir='ltr'>murro</span> <span class='ocrx_word' id='word_1_126' title='bbox 205 1621 359 1682; x_wconf 77' lang='lat' dir='ltr'>Parmeno</span> <span class='ocrx_word' id='word_1_127' title='bbox 379 1617 490 1698; x_wconf 78' lang='lat' dir='ltr'>procel</span> <span class='ocrx_word' id='word_1_128' title='bbox 510 1618 639 1680; x_wconf 86' lang='lat' dir='ltr'>audiens</span> <span class='ocrx_word' id='word_1_129' title='bbox 652 1617 847 1682; x_wconf 71' lang='lat' dir='ltr'>Gnathonem</span> <span class='ocrx_word' id='word_1_130' title='bbox 871 1620 946 1680; x_wconf 79' lang='lat' dir='ltr'>haec</span> <span class='ocrx_word' id='word_1_131' title='bbox 967 1619 1111 1702; x_wconf 81' lang='lat' dir='ltr'>loquitur.</span> <span class='ocrx_word' id='word_1_132' title='bbox 1161 1619 1243 1682; x_wconf 82' lang='lat' dir='ltr'>Ean·</span> 
     </span>
     <span class='ocr_line' id='line_1_17' title="bbox 105 1703 1241 1786; baseline -0.004 -15"><span class='ocrx_word' id='word_1_133' title='bbox 105 1707 180 1772; x_wconf 90' lang='lat' dir='ltr'>dem</span> <span class='ocrx_word' id='word_1_134' title='bbox 210 1723 338 1766; x_wconf 89' lang='lat' dir='ltr'>causam</span> <span class='ocrx_word' id='word_1_135' title='bbox 365 1723 432 1764; x_wconf 87' lang='lat' dir='ltr'>esse</span> <span class='ocrx_word' id='word_1_136' title='bbox 455 1722 562 1765; x_wconf 89' lang='lat' dir='ltr'>eorum</span> <span class='ocrx_word' id='word_1_137' title='bbox 584 1711 661 1786; x_wconf 92' lang='lat' dir='ltr'>puto</span> <span class='ocrx_word' id='word_1_138' title='bbox 684 1723 765 1785; x_wconf 90' lang='lat' dir='ltr'>quae</span> <span class='ocrx_word' id='word_1_139' title='bbox 789 1703 942 1766; x_wconf 87' lang='lat' dir='ltr'>Parmeno</span> <span class='ocrx_word' id='word_1_140' title='bbox 969 1703 1109 1786; x_wconf 87' lang='lat' dir='ltr'>loquitur</span> <span class='ocrx_word' id='word_1_141' title='bbox 1131 1704 1189 1780; x_wconf 87' lang='grc' dir='ltr'>ΙΙΙ,</span> <span class='ocrx_word' id='word_1_142' title='bbox 1215 1709 1241 1766; x_wconf 92' lang='lat' dir='ltr'>l.</span> 
     </span>
     <span class='ocr_line' id='line_1_18' title="bbox 110 1787 1241 1872; baseline -0.001 -19"><span class='ocrx_word' id='word_1_143' title='bbox 110 1793 157 1853; x_wconf 89' lang='lat' dir='ltr'>De</span> <span class='ocrx_word' id='word_1_144' title='bbox 173 1811 234 1872; x_wconf 89' lang='lat' dir='ltr'>quo</span> <span class='ocrx_word' id='word_1_145' title='bbox 250 1787 386 1852; x_wconf 84' lang='lat' dir='ltr'>Terentii</span> <span class='ocrx_word' id='word_1_146' title='bbox 408 1788 512 1850; x_wconf 90' lang='lat' dir='ltr'>studio</span> <span class='ocrx_word' id='word_1_147' title='bbox 534 1788 615 1850; x_wconf 87' lang='lat' dir='ltr'>inira</span> <span class='ocrx_word' id='word_1_148' title='bbox 631 1788 872 1870; x_wconf 76' lang='lat' dir='ltr'>disputabimus,</span> <span class='ocrx_word' id='word_1_149' title='bbox 908 1788 1016 1871; x_wconf 90' lang='lat' dir='ltr'>Neque</span> <span class='ocrx_word' id='word_1_150' title='bbox 1032 1788 1241 1853; x_wconf 88' lang='lat' dir='ltr'>dubitandum</span> 
     </span>
     <span class='ocr_line' id='line_1_19' title="bbox 107 1871 1244 1960; baseline -0.003 -20"><span class='ocrx_word' id='word_1_151' title='bbox 107 1883 203 1960; x_wconf 85' lang='lat' dir='ltr'>puto,</span> <span class='ocrx_word' id='word_1_152' title='bbox 226 1874 252 1936; x_wconf 88' lang='lat' dir='ltr'>si</span> <span class='ocrx_word' id='word_1_153' title='bbox 275 1872 370 1936; x_wconf 87' lang='lat' dir='ltr'>talem</span> <span class='ocrx_word' id='word_1_154' title='bbox 394 1893 560 1954; x_wconf 88' lang='lat' dir='ltr'>personam</span> <span class='ocrx_word' id='word_1_155' title='bbox 584 1895 601 1936; x_wconf 83' lang='lat' dir='ltr'>e</span> <span class='ocrx_word' id='word_1_156' title='bbox 624 1874 738 1938; x_wconf 85' lang='lat' dir='ltr'>Colace</span> <span class='ocrx_word' id='word_1_157' title='bbox 761 1871 993 1945; x_wconf 83' lang='lat' dir='ltr'>transtulisset,</span> <span class='ocrx_word' id='word_1_158' title='bbox 1017 1875 1091 1956; x_wconf 86' lang='lat' dir='ltr'>quin</span> <span class='ocrx_word' id='word_1_159' title='bbox 1115 1875 1147 1938; x_wconf 90' lang='lat' dir='ltr'>in</span> <span class='ocrx_word' id='word_1_160' title='bbox 1169 1893 1244 1958; x_wconf 89' lang='lat' dir='ltr'>pro·</span> 
     </span>
     <span class='ocr_line' id='line_1_20' title="bbox 105 1958 1243 2044; baseline -0.004 -18"><span class='ocrx_word' id='word_1_161' title='bbox 105 1964 181 2042; x_wconf 88' lang='lat' dir='ltr'>logo</span> <span class='ocrx_word' id='word_1_162' title='bbox 203 1965 504 2022; x_wconf 87' lang='lat' dir='ltr'>commemoraturus</span> <span class='ocrx_word' id='word_1_163' title='bbox 526 1958 623 2021; x_wconf 87' lang='lat' dir='ltr'>fuerit</span> <span class='ocrx_word' id='word_1_164' title='bbox 642 1959 818 2023; x_wconf 85' lang='lat' dir='ltr'>Terentius.</span> <span class='ocrx_word' id='word_1_165' title='bbox 861 1959 971 2040; x_wconf 85' lang='lat' dir='ltr'>Neque</span> <span class='ocrx_word' id='word_1_166' title='bbox 993 1959 1165 2044; x_wconf 90' lang='lat' dir='ltr'>quidquam</span> <span class='ocrx_word' id='word_1_167' title='bbox 1189 1979 1243 2022; x_wconf 85' lang='lat' dir='ltr'>va-</span> 
     </span>
     <span class='ocr_line' id='line_1_21' title="bbox 106 2043 1242 2126; baseline -0.003 -16"><span class='ocrx_word' id='word_1_168' title='bbox 106 2049 174 2110; x_wconf 92' lang='lat' dir='ltr'>lere</span> <span class='ocrx_word' id='word_1_169' title='bbox 196 2052 273 2126; x_wconf 92' lang='lat' dir='ltr'>puto</span> <span class='ocrx_word' id='word_1_170' title='bbox 294 2063 363 2104; x_wconf 90' lang='lat' dir='ltr'>eum</span> <span class='ocrx_word' id='word_1_171' title='bbox 387 2044 575 2124; x_wconf 84' lang='lat' dir='ltr'>praeterisse</span> <span class='ocrx_word' id='word_1_172' title='bbox 596 2045 629 2106; x_wconf 94' lang='lat' dir='ltr'>in</span> <span class='ocrx_word' id='word_1_173' title='bbox 652 2043 782 2126; x_wconf 82' lang='lat' dir='ltr'>prologo</span> <span class='ocrx_word' id='word_1_174' title='bbox 805 2044 941 2124; x_wconf 83' lang='lat' dir='ltr'>Sangam</span> <span class='ocrx_word' id='word_1_175' title='bbox 966 2043 1125 2107; x_wconf 90' lang='lat' dir='ltr'>hominem</span> <span class='ocrx_word' id='word_1_176' title='bbox 1150 2044 1242 2108; x_wconf 91' lang='lat' dir='ltr'>illum</span> 
     </span>
     <span class='ocr_line' id='line_1_22' title="bbox 105 2128 1243 2216; baseline -0.004 -20"><span class='ocrx_word' id='word_1_177' title='bbox 105 2149 267 2216; x_wconf 86' lang='lat' dir='ltr'>perpauca</span> <span class='ocrx_word' id='word_1_178' title='bbox 290 2128 443 2191; x_wconf 86' lang='lat' dir='ltr'>dicentem</span> <span class='ocrx_word' id='word_1_179' title='bbox 467 2135 675 2210; x_wconf 87' lang='lat' dir='ltr'>agentemque</span> <span class='ocrx_word' id='word_1_180' title='bbox 698 2149 801 2212; x_wconf 91' lang='lat' dir='ltr'>neque</span> <span class='ocrx_word' id='word_1_181' title='bbox 824 2129 862 2192; x_wconf 90' lang='lat' dir='ltr'>ad</span> <span class='ocrx_word' id='word_1_182' title='bbox 888 2128 986 2210; x_wconf 85' lang='lat' dir='ltr'>ipsam</span> <span class='ocrx_word' id='word_1_183' title='bbox 1010 2128 1151 2192; x_wconf 88' lang='lat' dir='ltr'>fabulam</span> <span class='ocrx_word' id='word_1_184' title='bbox 1173 2149 1243 2212; x_wconf 90' lang='lat' dir='ltr'>per·</span> 
     </span>
     <span class='ocr_line' id='line_1_23' title="bbox 106 2212 1243 2296; baseline -0.003 -17"><span class='ocrx_word' id='word_1_185' title='bbox 106 2218 272 2280; x_wconf 81' lang='lat' dir='ltr'>tinentem.</span> <span class='ocrx_word' id='word_1_186' title='bbox 317 2212 409 2276; x_wconf 87' lang='lat' dir='ltr'>Certe</span> <span class='ocrx_word' id='word_1_187' title='bbox 432 2233 470 2275; x_wconf 86' lang='lat' dir='ltr'>ex</span> <span class='ocrx_word' id='word_1_188' title='bbox 493 2234 544 2288; x_wconf 76' lang='lat' dir='ltr'>eo,</span> <span class='ocrx_word' id='word_1_189' title='bbox 578 2214 660 2296; x_wconf 90' lang='lat' dir='ltr'>qnod</span> <span class='ocrx_word' id='word_1_190' title='bbox 689 2214 847 2277; x_wconf 85' lang='lat' dir='ltr'>servulum</span> <span class='ocrx_word' id='word_1_191' title='bbox 872 2232 936 2276; x_wconf 62' lang='lat' dir='ltr'>‘non</span> <span class='ocrx_word' id='word_1_192' title='bbox 959 2213 1179 2292; x_wconf 83' lang='lat' dir='ltr'>nominaverit,</span> <span class='ocrx_word' id='word_1_193' title='bbox 1200 2212 1243 2277; x_wconf 89' lang='lat' dir='ltr'>el-</span> 
     </span>
     <span class='ocr_line' id='line_1_24' title="bbox 108 2298 1010 2384; baseline -0.002 -20"><span class='ocrx_word' id='word_1_194' title='bbox 108 2301 164 2366; x_wconf 85' lang='lat' dir='ltr'>fici</span> <span class='ocrx_word' id='word_1_195' title='bbox 184 2321 246 2384; x_wconf 85' lang='lat' dir='ltr'>non</span> <span class='ocrx_word' id='word_1_196' title='bbox 272 2298 346 2361; x_wconf 90' lang='lat' dir='ltr'>licet</span> <span class='ocrx_word' id='word_1_197' title='bbox 368 2318 439 2360; x_wconf 91' lang='lat' dir='ltr'>eum</span> <span class='ocrx_word' id='word_1_198' title='bbox 463 2298 558 2362; x_wconf 91' lang='lat' dir='ltr'>etiam</span> <span class='ocrx_word' id='word_1_199' title='bbox 582 2299 662 2362; x_wconf 88' lang='lat' dir='ltr'>alias</span> <span class='ocrx_word' id='word_1_200' title='bbox 685 2300 825 2362; x_wconf 90' lang='lat' dir='ltr'>omisisse</span> <span class='ocrx_word' id='word_1_201' title='bbox 848 2317 1010 2380; x_wconf 83' lang='lat' dir='ltr'>personae.</span> 
     </span>
    </p>

    <p class='ocr_par' dir='ltr' id='par_1_3' title="bbox 106 2379 1260 2790">
     <span class='ocr_line' id='line_1_25' title="bbox 195 2379 1260 2465; baseline -0.001 -18"><span class='ocrx_word' id='word_1_202' title='bbox 195 2384 252 2447; x_wconf 90' lang='lat' dir='ltr'>His</span> <span class='ocrx_word' id='word_1_203' title='bbox 274 2383 452 2446; x_wconf 91' lang='lat' dir='ltr'>rationibus</span> <span class='ocrx_word' id='word_1_204' title='bbox 473 2379 605 2446; x_wconf 78' lang='lat' dir='ltr'>&#39;refutari</span> <span class='ocrx_word' id='word_1_205' title='bbox 628 2385 752 2447; x_wconf 91' lang='lat' dir='ltr'>videtur</span> <span class='ocrx_word' id='word_1_206' title='bbox 774 2383 869 2449; x_wconf 88' lang='lat' dir='ltr'>etiam</span> <span class='ocrx_word' id='word_1_207' title='bbox 893 2383 924 2446; x_wconf 92' lang='lat' dir='ltr'>id</span> <span class='ocrx_word' id='word_1_208' title='bbox 948 2383 1032 2465; x_wconf 92' lang='lat' dir='ltr'>quod</span> <span class='ocrx_word' id='word_1_209' title='bbox 1055 2382 1164 2447; x_wconf 92' lang='lat' dir='ltr'>Ihnius</span> <span class='ocrx_word' id='word_1_210' title='bbox 1187 2382 1260 2446; x_wconf 87' lang='lat' dir='ltr'>ad··</span> 
     </span>
     <span class='ocr_line' id='line_1_26' title="bbox 107 2466 1241 2545; baseline -0.004 -10"><span class='ocrx_word' id='word_1_211' title='bbox 107 2472 170 2539; x_wconf 83' lang='lat' dir='ltr'>dit.</span> <span class='ocrx_word' id='word_1_212' title='bbox 194 2469 253 2532; x_wconf 90' lang='lat' dir='ltr'>nisi</span> <span class='ocrx_word' id='word_1_213' title='bbox 277 2468 335 2545; x_wconf 89' lang='grc' dir='ltr'>ΙΙΙ,</span> <span class='ocrx_word' id='word_1_214' title='bbox 362 2474 374 2530; x_wconf 94' lang='lat' dir='ltr'>l</span> <span class='ocrx_word' id='word_1_215' title='bbox 400 2489 508 2531; x_wconf 88' lang='lat' dir='ltr'>servus</span> <span class='ocrx_word' id='word_1_216' title='bbox 528 2468 561 2530; x_wconf 91' lang='lat' dir='ltr'>in</span> <span class='ocrx_word' id='word_1_217' title='bbox 584 2466 697 2533; x_wconf 80' lang='lat' dir='ltr'>Colace</span> <span class='ocrx_word' id='word_1_218' title='bbox 719 2469 846 2543; x_wconf 83' lang='lat' dir='ltr'>luisset,</span> <span class='ocrx_word' id='word_1_219' title='bbox 879 2488 935 2532; x_wconf 90' lang='lat' dir='ltr'>cur</span> <span class='ocrx_word' id='word_1_220' title='bbox 957 2488 1027 2532; x_wconf 91' lang='lat' dir='ltr'>eum</span> <span class='ocrx_word' id='word_1_221' title='bbox 1051 2489 1115 2532; x_wconf 91' lang='lat' dir='ltr'>non</span> <span class='ocrx_word' id='word_1_222' title='bbox 1137 2487 1241 2531; x_wconf 89' lang='lat' dir='ltr'>neces-</span> 
     </span>
     <span class='ocr_line' id='line_1_27' title="bbox 107 2553 1243 2636; baseline -0.002 -18"><span class='ocrx_word' id='word_1_223' title='bbox 107 2555 226 2618; x_wconf 86' lang='lat' dir='ltr'>sarium</span> <span class='ocrx_word' id='word_1_224' title='bbox 250 2575 289 2616; x_wconf 90' lang='lat' dir='ltr'>ex</span> <span class='ocrx_word' id='word_1_225' title='bbox 308 2553 459 2617; x_wconf 76' lang='lat' dir='ltr'>Eunucho</span> <span class='ocrx_word' id='word_1_226' title='bbox 474 2553 656 2616; x_wconf 84' lang='lat' dir='ltr'>Terentium</span> <span class='ocrx_word' id='word_1_227' title='bbox 680 2553 826 2618; x_wconf 86' lang='lat' dir='ltr'>ascivisse</span> <span class='ocrx_word' id='word_1_228' title='bbox 847 2557 940 2636; x_wconf 90' lang='lat' dir='ltr'>putes</span> <span class='ocrx_word' id='word_1_229' title='bbox 964 2553 1149 2634; x_wconf 87' lang='lat' dir='ltr'>praesertim</span> <span class='ocrx_word' id='word_1_230' title='bbox 1171 2573 1243 2616; x_wconf 89' lang='lat' dir='ltr'>cum</span> 
     </span>
     <span class='ocr_line' id='line_1_28' title="bbox 106 2637 1242 2724; baseline -0.004 -18"><span class='ocrx_word' id='word_1_231' title='bbox 106 2639 257 2718; x_wconf 85' lang='lat' dir='ltr'>brevitati</span> <span class='ocrx_word' id='word_1_232' title='bbox 279 2638 469 2703; x_wconf 87' lang='lat' dir='ltr'>studendum</span> <span class='ocrx_word' id='word_1_233' title='bbox 491 2639 595 2703; x_wconf 79' lang='lat' dir='ltr'>esset?</span> <span class='ocrx_word' id='word_1_234' title='bbox 640 2641 680 2702; x_wconf 86' lang='lat' dir='ltr'>At</span> <span class='ocrx_word' id='word_1_235' title='bbox 707 2641 782 2724; x_wconf 91' lang='lat' dir='ltr'>quid</span> <span class='ocrx_word' id='word_1_236' title='bbox 814 2639 892 2703; x_wconf 87' lang='lat' dir='ltr'>haec</span> <span class='ocrx_word' id='word_1_237' title='bbox 918 2644 983 2702; x_wconf 91' lang='lat' dir='ltr'>tam</span> <span class='ocrx_word' id='word_1_238' title='bbox 1013 2658 1116 2722; x_wconf 86' lang='lat' dir='ltr'>pauca</span> <span class='ocrx_word' id='word_1_239' title='bbox 1144 2637 1242 2702; x_wconf 89' lang='lat' dir='ltr'>verba</span> 
     </span>
     <span class='ocr_line' id='line_1_29' title="bbox 109 2723 382 2790; baseline -0.015 0"><span class='ocrx_word' id='word_1_240' title='bbox 109 2726 149 2790; x_wconf 92' lang='lat' dir='ltr'>ad</span> <span class='ocrx_word' id='word_1_241' title='bbox 174 2723 382 2788; x_wconf 82' lang='lat' dir='ltr'>brevitatem?</span> 
     </span>
    </p>

    <p class='ocr_par' dir='ltr' id='par_1_4' title="bbox 108 2806 1294 3826">
     <span class='ocr_line' id='line_1_30' title="bbox 195 2806 1242 2891; baseline 0 -19"><span class='ocrx_word' id='word_1_242' title='bbox 195 2808 314 2872; x_wconf 91' lang='lat' dir='ltr'>Deinde</span> <span class='ocrx_word' id='word_1_243' title='bbox 336 2806 498 2872; x_wconf 89' lang='lat' dir='ltr'>contendit</span> <span class='ocrx_word' id='word_1_244' title='bbox 521 2807 637 2883; x_wconf 85' lang='lat' dir='ltr'>Ihnius‚</span> <span class='ocrx_word' id='word_1_245' title='bbox 660 2809 835 2891; x_wconf 89' lang='lat' dir='ltr'>parasitum</span> <span class='ocrx_word' id='word_1_246' title='bbox 857 2807 890 2871; x_wconf 91' lang='lat' dir='ltr'>in</span> <span class='ocrx_word' id='word_1_247' title='bbox 908 2807 1075 2871; x_wconf 90' lang='lat' dir='ltr'>Menandri</span> <span class='ocrx_word' id='word_1_248' title='bbox 1089 2806 1242 2872; x_wconf 82' lang='lat' dir='ltr'>Eunucho</span> 
     </span>
     <span class='ocr_line' id='line_1_31' title="bbox 108 2891 1242 2970; baseline -0.003 -11"><span class='ocrx_word' id='word_1_249' title='bbox 108 2896 206 2959; x_wconf 87' lang='lat' dir='ltr'>fuisse</span> <span class='ocrx_word' id='word_1_250' title='bbox 228 2894 307 2956; x_wconf 92' lang='lat' dir='ltr'>nulli</span> <span class='ocrx_word' id='word_1_251' title='bbox 337 2891 527 2956; x_wconf 87' lang='lat' dir='ltr'>dubitationi</span> <span class='ocrx_word' id='word_1_252' title='bbox 557 2913 624 2956; x_wconf 90' lang='lat' dir='ltr'>esse</span> <span class='ocrx_word' id='word_1_253' title='bbox 653 2892 834 2957; x_wconf 84' lang='lat' dir='ltr'>obnoxium.</span> <span class='ocrx_word' id='word_1_254' title='bbox 889 2893 955 2955; x_wconf 88' lang='lat' dir='ltr'>Hoc</span> <span class='ocrx_word' id='word_1_255' title='bbox 987 2913 1043 2956; x_wconf 88' lang='lat' dir='ltr'>cur</span> <span class='ocrx_word' id='word_1_256' title='bbox 1075 2893 1242 2970; x_wconf 84' lang='lat' dir='ltr'>existimet,</span> 
     </span>
     <span class='ocr_line' id='line_1_32' title="bbox 108 2977 1244 3060; baseline -0.003 -17"><span class='ocrx_word' id='word_1_257' title='bbox 108 2999 224 3043; x_wconf 89' lang='lat' dir='ltr'>causae</span> <span class='ocrx_word' id='word_1_258' title='bbox 248 2978 324 3041; x_wconf 89' lang='lat' dir='ltr'>nihil</span> <span class='ocrx_word' id='word_1_259' title='bbox 348 2977 457 3051; x_wconf 84' lang='lat' dir='ltr'>affert;</span> <span class='ocrx_word' id='word_1_260' title='bbox 493 2978 660 3058; x_wconf 86' lang='lat' dir='ltr'>excogitat,</span> <span class='ocrx_word' id='word_1_261' title='bbox 683 2987 719 3042; x_wconf 91' lang='lat' dir='ltr'>nt</span> <span class='ocrx_word' id='word_1_262' title='bbox 740 2977 912 3041; x_wconf 84' lang='lat' dir='ltr'>Thrasonis</span> <span class='ocrx_word' id='word_1_263' title='bbox 934 2977 1172 3060; x_wconf 89' lang='lat' dir='ltr'>Gnathonisque</span> <span class='ocrx_word' id='word_1_264' title='bbox 1194 2978 1244 3040; x_wconf 92' lang='lat' dir='ltr'>in-</span> 
     </span>
     <span class='ocr_line' id='line_1_33' title="bbox 108 3061 1243 3146; baseline -0.002 -18"><span class='ocrx_word' id='word_1_265' title='bbox 108 3064 301 3146; x_wconf 87' lang='lat' dir='ltr'>terloquium</span> <span class='ocrx_word' id='word_1_266' title='bbox 325 3063 389 3139; x_wconf 91' lang='grc' dir='ltr'>ΙΙΙ,</span> <span class='ocrx_word' id='word_1_267' title='bbox 416 3068 430 3125; x_wconf 93' lang='grc'>1</span> <span class='ocrx_word' id='word_1_268' title='bbox 462 3061 705 3144; x_wconf 81' lang='lat' dir='ltr'>interpretetur,</span> <span class='ocrx_word' id='word_1_269' title='bbox 743 3083 850 3126; x_wconf 88' lang='lat' dir='ltr'>versus</span> <span class='ocrx_word' id='word_1_270' title='bbox 878 3063 952 3126; x_wconf 84' lang='lat' dir='ltr'>inde</span> <span class='ocrx_word' id='word_1_271' title='bbox 982 3083 1002 3124; x_wconf 89' lang='lat' dir='ltr'>a</span> <span class='ocrx_word' id='word_1_272' title='bbox 1024 3068 1073 3126; x_wconf 78' lang='lat'>44.</span> <span class='ocrx_word' id='word_1_273' title='bbox 1098 3062 1243 3126; x_wconf 83' lang='lat' dir='ltr'>Eunuchi</span> 
     </span>
     <span class='ocr_line' id='line_1_34' title="bbox 109 3147 1243 3232; baseline -0.002 -19"><span class='ocrx_word' id='word_1_274' title='bbox 109 3149 276 3214; x_wconf 89' lang='lat' dir='ltr'>Menandri</span> <span class='ocrx_word' id='word_1_275' title='bbox 298 3168 366 3212; x_wconf 83' lang='lat' dir='ltr'>esse</span> <span class='ocrx_word' id='word_1_276' title='bbox 387 3151 485 3210; x_wconf 89' lang='lat' dir='ltr'>ratus.</span> <span class='ocrx_word' id='word_1_277' title='bbox 531 3147 591 3210; x_wconf 83' lang='lat' dir='ltr'>Sed</span> <span class='ocrx_word' id='word_1_278' title='bbox 615 3150 640 3210; x_wconf 88' lang='lat' dir='ltr'>si</span> <span class='ocrx_word' id='word_1_279' title='bbox 664 3155 826 3232; x_wconf 77' lang='lat' dir='ltr'>putemus,</span> <span class='ocrx_word' id='word_1_280' title='bbox 861 3147 918 3210; x_wconf 90' lang='lat' dir='ltr'>has</span> <span class='ocrx_word' id='word_1_281' title='bbox 945 3168 1096 3230; x_wconf 88' lang='lat' dir='ltr'>personas</span> <span class='ocrx_word' id='word_1_282' title='bbox 1122 3149 1154 3210; x_wconf 91' lang='lat' dir='ltr'>in</span> <span class='ocrx_word' id='word_1_283' title='bbox 1178 3147 1243 3211; x_wconf 90' lang='lat' dir='ltr'>Me·</span> 
     </span>
     <span class='ocr_line' id='line_1_35' title="bbox 108 3232 1243 3316; baseline -0.001 -18"><span class='ocrx_word' id='word_1_284' title='bbox 108 3234 225 3298; x_wconf 88' lang='lat' dir='ltr'>nandri</span> <span class='ocrx_word' id='word_1_285' title='bbox 249 3232 400 3296; x_wconf 87' lang='lat' dir='ltr'>Eunucho</span> <span class='ocrx_word' id='word_1_286' title='bbox 423 3233 519 3296; x_wconf 86' lang='lat' dir='ltr'>fuisse</span> <span class='ocrx_word' id='word_1_287' title='bbox 541 3239 607 3294; x_wconf 92' lang='lat' dir='ltr'>tarn</span> <span class='ocrx_word' id='word_1_288' title='bbox 631 3255 742 3310; x_wconf 83' lang='lat' dir='ltr'>graves</span> <span class='ocrx_word' id='word_1_289' title='bbox 770 3234 911 3314; x_wconf 88' lang='lat' dir='ltr'>adeoque</span> <span class='ocrx_word' id='word_1_290' title='bbox 942 3233 984 3298; x_wconf 91' lang='lat' dir='ltr'>ad</span> <span class='ocrx_word' id='word_1_291' title='bbox 1013 3234 1116 3316; x_wconf 88' lang='lat' dir='ltr'>ipsum</span> <span class='ocrx_word' id='word_1_292' title='bbox 1144 3233 1243 3296; x_wconf 90' lang='lat' dir='ltr'>totius</span> 
     </span>
     <span class='ocr_line' id='line_1_36' title="bbox 108 3307 1243 3401; baseline -0.004 -17"><span class='ocrx_word' id='word_1_293' title='bbox 108 3320 236 3384; x_wconf 86' lang='lat' dir='ltr'>fabulae</span> <span class='ocrx_word' id='word_1_294' title='bbox 251 3339 366 3382; x_wconf 85' lang='lat' dir='ltr'>nexum</span> <span class='ocrx_word' id='word_1_295' title='bbox 388 3318 590 3401; x_wconf 81' lang='lat' dir='ltr'>pertinentes,</span> <span class='ocrx_word' id='word_1_296' title='bbox 614 3319 645 3381; x_wconf 91' lang='lat' dir='ltr'>id</span> <span class='ocrx_word' id='word_1_297' title='bbox 669 3317 811 3391; x_wconf 86' lang='lat' dir='ltr'>efficitur,</span> <span class='ocrx_word' id='word_1_298' title='bbox 834 3337 887 3380; x_wconf 90' lang='lat' dir='ltr'>eas</span> <span class='ocrx_word' id='word_1_299' title='bbox 910 3318 1010 3381; x_wconf 89' lang='lat' dir='ltr'>multo</span> <span class='ocrx_word' id='word_1_300' title='bbox 1031 3307 1125 3400; x_wconf 85' lang='lat' dir='ltr'>pluia</span> <span class='ocrx_word' id='word_1_301' title='bbox 1147 3337 1243 3400; x_wconf 89' lang='lat' dir='ltr'>quam</span> 
     </span>
     <span class='ocr_line' id='line_1_37' title="bbox 109 3401 1242 3488; baseline -0.003 -21"><span class='ocrx_word' id='word_1_302' title='bbox 109 3425 212 3488; x_wconf 88' lang='lat' dir='ltr'>pauca</span> <span class='ocrx_word' id='word_1_303' title='bbox 234 3403 312 3467; x_wconf 91' lang='lat' dir='ltr'>haec</span> <span class='ocrx_word' id='word_1_304' title='bbox 335 3404 495 3467; x_wconf 90' lang='lat' dir='ltr'>locuturas</span> <span class='ocrx_word' id='word_1_305' title='bbox 511 3401 617 3479; x_wconf 80' lang='lat' dir='ltr'>fuisse,</span> <span class='ocrx_word' id='word_1_306' title='bbox 640 3403 754 3486; x_wconf 88' lang='lat' dir='ltr'>vixque</span> <span class='ocrx_word' id='word_1_307' title='bbox 770 3403 975 3484; x_wconf 84' lang='lat' dir='ltr'>intellegit-ur,</span> <span class='ocrx_word' id='word_1_308' title='bbox 996 3424 1052 3466; x_wconf 90' lang='lat' dir='ltr'>cur</span> <span class='ocrx_word' id='word_1_309' title='bbox 1067 3402 1242 3477; x_wconf 87' lang='lat' dir='ltr'>Terentius,</span> 
     </span>
     <span class='ocr_line' id='line_1_38' title="bbox 109 3477 1294 3572; baseline -0.002 -19"><span class='ocrx_word' id='word_1_310' title='bbox 109 3509 180 3553; x_wconf 90' lang='lat' dir='ltr'>oum</span> <span class='ocrx_word' id='word_1_311' title='bbox 214 3489 293 3552; x_wconf 91' lang='lat' dir='ltr'>satis</span> <span class='ocrx_word' id='word_1_312' title='bbox 323 3488 527 3552; x_wconf 88' lang='lat' dir='ltr'>verbosarum</span> <span class='ocrx_word' id='word_1_313' title='bbox 557 3489 763 3572; x_wconf 87' lang='lat' dir='ltr'>graviumque</span> <span class='ocrx_word' id='word_1_314' title='bbox 790 3477 995 3572; x_wconf 68' lang='lat' dir='ltr'>personarum</span> <span class='ocrx_word' id='word_1_315' title='bbox 1026 3488 1059 3550; x_wconf 93' lang='lat' dir='ltr'>in</span> <span class='ocrx_word' id='word_1_316' title='bbox 1090 3486 1243 3551; x_wconf 88' lang='lat' dir='ltr'>Eunucho</span> <span class='ocrx_word' id='word_1_317' title='bbox 1291 3495 1294 3502; x_wconf 87' lang='grc'><strong>’</strong></span> 
     </span>
     <span class='ocr_line' id='line_1_39' title="bbox 110 3571 1242 3656; baseline -0.002 -18"><span class='ocrx_word' id='word_1_318' title='bbox 110 3574 255 3645; x_wconf 79' lang='lat' dir='ltr'>haberet,</span> <span class='ocrx_word' id='word_1_319' title='bbox 283 3573 453 3636; x_wconf 91' lang='lat' dir='ltr'>adsciverit</span> <span class='ocrx_word' id='word_1_320' title='bbox 475 3573 629 3638; x_wconf 82' lang='lat' dir='ltr'>Colacem.</span> <span class='ocrx_word' id='word_1_321' title='bbox 674 3574 783 3656; x_wconf 89' lang='lat' dir='ltr'>Neque</span> <span class='ocrx_word' id='word_1_322' title='bbox 806 3593 879 3636; x_wconf 90' lang='lat' dir='ltr'>vero</span> <span class='ocrx_word' id='word_1_323' title='bbox 902 3571 1135 3636; x_wconf 87' lang='lat' dir='ltr'>concedendurn</span> <span class='ocrx_word' id='word_1_324' title='bbox 1158 3572 1242 3636; x_wconf 89' lang='lat' dir='ltr'>vide·</span> 
     </span>
     <span class='ocr_line' id='line_1_40' title="bbox 111 3656 1243 3742; baseline -0.003 -19"><span class='ocrx_word' id='word_1_325' title='bbox 111 3667 180 3734; x_wconf 87' lang='lat' dir='ltr'>tur,</span> <span class='ocrx_word' id='word_1_326' title='bbox 213 3664 262 3721; x_wconf 89' lang='lat' dir='ltr'>tot</span> <span class='ocrx_word' id='word_1_327' title='bbox 289 3664 459 3740; x_wconf 89' lang='lat' dir='ltr'>tantasque</span> <span class='ocrx_word' id='word_1_328' title='bbox 487 3679 638 3742; x_wconf 89' lang='lat' dir='ltr'>personas</span> <span class='ocrx_word' id='word_1_329' title='bbox 665 3659 695 3721; x_wconf 91' lang='lat' dir='ltr'>in</span> <span class='ocrx_word' id='word_1_330' title='bbox 722 3681 786 3721; x_wconf 86' lang='lat' dir='ltr'>una</span> <span class='ocrx_word' id='word_1_331' title='bbox 808 3657 918 3721; x_wconf 89' lang='lat' dir='ltr'>fabula</span> <span class='ocrx_word' id='word_1_332' title='bbox 942 3656 1089 3721; x_wconf 84' lang='lat' dir='ltr'>hahuisse</span> <span class='ocrx_word' id='word_1_333' title='bbox 1112 3657 1243 3721; x_wconf 89' lang='lat' dir='ltr'>Menan-</span> 
     </span>
     <span class='ocr_line' id='line_1_41' title="bbox 111 3743 1242 3826; baseline -0.004 -18"><span class='ocrx_word' id='word_1_334' title='bbox 111 3745 203 3808; x_wconf 90' lang='lat' dir='ltr'>drum</span> <span class='ocrx_word' id='word_1_335' title='bbox 226 3743 393 3824; x_wconf 86' lang='lat' dir='ltr'>obstatquc</span> <span class='ocrx_word' id='word_1_336' title='bbox 415 3749 448 3806; x_wconf 90' lang='lat' dir='ltr'>at</span> <span class='ocrx_word' id='word_1_337' title='bbox 470 3743 725 3826; x_wconf 78' lang='lat' dir='ltr'>ipse‘Terentius</span> <span class='ocrx_word' id='word_1_338' title='bbox 748 3763 817 3807; x_wconf 90' lang='lat' dir='ltr'>cum</span> <span class='ocrx_word' id='word_1_339' title='bbox 842 3743 933 3806; x_wconf 91' lang='lat' dir='ltr'>dicit:</span> <span class='ocrx_word' id='word_1_340' title='bbox 966 3743 1085 3804; x_wconf 82' lang='lat' dir='ltr'>Euesa</span> <span class='ocrx_word' id='word_1_341' title='bbox 1107 3764 1168 3804; x_wconf 89' lang='lat' dir='ltr'>non</span> <span class='ocrx_word' id='word_1_342' title='bbox 1191 3763 1242 3804; x_wconf 85' lang='lat' dir='ltr'>ne·</span> 
     </span>
    </p>
   </div>
   <div class='ocr_carea' id='block_1_3' title="bbox 109 3803 1441 3926">
    <p class='ocr_par' dir='ltr' id='par_1_5' title="bbox 109 3803 1441 3926">
     <span class='ocr_line' id='line_1_42' title="bbox 109 3803 1441 3926; baseline -0.004 -34"><span class='ocrx_word' id='word_1_343' title='bbox 109 3837 165 3911; x_wconf 78' lang='lat' dir='ltr'>qut</span> <span class='ocrx_word' id='word_1_344' title='bbox 186 3828 379 3890; x_wconf 82' lang='lat' dir='ltr'>transtulisse</span> <span class='ocrx_word' id='word_1_345' title='bbox 401 3850 416 3890; x_wconf 90' lang='lat' dir='ltr'>c</span> <span class='ocrx_word' id='word_1_346' title='bbox 442 3828 570 3903; x_wconf 85' lang='lat' dir='ltr'>Colace,</span> <span class='ocrx_word' id='word_1_347' title='bbox 605 3833 637 3891; x_wconf 90' lang='lat' dir='ltr'>et</span> <span class='ocrx_word' id='word_1_348' title='bbox 661 3828 804 3892; x_wconf 85' lang='lat' dir='ltr'>Donatus</span> <span class='ocrx_word' id='word_1_349' title='bbox 826 3849 897 3890; x_wconf 90' lang='lat' dir='ltr'>cum</span> <span class='ocrx_word' id='word_1_350' title='bbox 919 3825 1071 3902; x_wconf 68' lang='lat' dir='ltr'>adnotat:⁴</span> <span class='ocrx_word' id='word_1_351' title='bbox 1102 3824 1244 3890; x_wconf 76' lang='lat' dir='ltr'>Parasiti</span> <span class='ocrx_word' id='word_1_352' title='bbox 1397 3803 1416 3844; x_wconf 64' lang='lat'><strong><em>⁷</em></strong></span> <span class='ocrx_word' id='word_1_353' title='bbox 1440 3903 1441 3926; x_wconf 14' lang='grc' dir='ltr'><strong>χ</strong></span> 
     </span>
    </p>
   </div>
   <div class='ocr_carea' id='block_1_4' title="bbox 107 3907 1243 4166">
    <p class='ocr_par' dir='ltr' id='par_1_6' title="bbox 107 3907 1243 4166">
     <span class='ocr_line' id='line_1_43' title="bbox 107 3907 931 3996; baseline 0 -22"><span class='ocrx_word' id='word_1_354' title='bbox 107 3935 261 3996; x_wconf 79' lang='lat' dir='ltr'>personae</span> <span class='ocrx_word' id='word_1_355' title='bbox 283 3922 311 3974; x_wconf 91' lang='lat' dir='ltr'>et</span> <span class='ocrx_word' id='word_1_356' title='bbox 332 3912 440 3975; x_wconf 87' lang='lat' dir='ltr'>militis</span> <span class='ocrx_word' id='word_1_357' title='bbox 461 3914 499 3976; x_wconf 86' lang='lat' dir='ltr'>de</span> <span class='ocrx_word' id='word_1_358' title='bbox 524 3913 634 3976; x_wconf 87' lang='lat' dir='ltr'>Colace</span> <span class='ocrx_word' id='word_1_359' title='bbox 656 3913 828 3976; x_wconf 84' lang='lat' dir='ltr'>translatae</span> <span class='ocrx_word' id='word_1_360' title='bbox 849 3907 931 3974; x_wconf 85' lang='lat' dir='ltr'>sarit.</span> 
     </span>
     <span class='ocr_line' id='line_1_44' title="bbox 192 3995 1242 4081; baseline -0.002 -21"><span class='ocrx_word' id='word_1_361' title='bbox 192 3999 339 4081; x_wconf 82' lang='lat' dir='ltr'>Denique</span> <span class='ocrx_word' id='word_1_362' title='bbox 362 3997 561 4062; x_wconf 86' lang='lat' dir='ltr'>Chremetem</span> <span class='ocrx_word' id='word_1_363' title='bbox 583 3999 668 4062; x_wconf 90' lang='lat' dir='ltr'>etin</span> <span class='ocrx_word' id='word_1_364' title='bbox 692 3997 845 4062; x_wconf 88' lang='lat' dir='ltr'>Eunucho</span> <span class='ocrx_word' id='word_1_365' title='bbox 867 4004 900 4064; x_wconf 89' lang='lat' dir='ltr'>et</span> <span class='ocrx_word' id='word_1_366' title='bbox 921 3996 953 4060; x_wconf 91' lang='lat' dir='ltr'>in</span> <span class='ocrx_word' id='word_1_367' title='bbox 977 3996 1090 4060; x_wconf 91' lang='lat' dir='ltr'>Colace</span> <span class='ocrx_word' id='word_1_368' title='bbox 1113 3995 1242 4059; x_wconf 87' lang='lat' dir='ltr'>Menan·</span> 
     </span>
     <span class='ocr_line' id='line_1_45' title="bbox 112 4081 1243 4166; baseline -0.003 -19"><span class='ocrx_word' id='word_1_369' title='bbox 112 4083 162 4147; x_wconf 92' lang='lat' dir='ltr'>dri</span> <span class='ocrx_word' id='word_1_370' title='bbox 184 4082 279 4146; x_wconf 87' lang='lat' dir='ltr'>fuisse</span> <span class='ocrx_word' id='word_1_371' title='bbox 302 4084 451 4165; x_wconf 90' lang='lat' dir='ltr'>opinatur</span> <span class='ocrx_word' id='word_1_372' title='bbox 472 4083 592 4147; x_wconf 88' lang='lat' dir='ltr'>lhnius.</span> <span class='ocrx_word' id='word_1_373' title='bbox 635 4083 717 4148; x_wconf 91' lang='lat' dir='ltr'>Nam</span> <span class='ocrx_word' id='word_1_374' title='bbox 740 4103 811 4148; x_wconf 90' lang='lat' dir='ltr'>oum</span> <span class='ocrx_word' id='word_1_375' title='bbox 834 4081 1055 4166; x_wconf 83' lang='lat' dir='ltr'>explicandum</span> <span class='ocrx_word' id='word_1_376' title='bbox 1077 4081 1135 4157; x_wconf 82' lang='lat' dir='ltr'>sit,</span> <span class='ocrx_word' id='word_1_377' title='bbox 1165 4101 1243 4163; x_wconf 89' lang='lat' dir='ltr'>quo·</span> 
     </span>
    </p>
   </div>
   <div class='ocr_carea' id='block_1_5' title="bbox 0 0 1466 4658">
    <p class='ocr_par' dir='ltr' id='par_1_7' title="bbox 0 0 1466 4658">
     <span class='ocr_line' id='line_1_46' title="bbox 0 0 1466 4658; baseline 0 0"><span class='ocrx_word' id='word_1_378' title='bbox 0 0 1466 4658; x_wconf 95' lang='lat' dir='ltr'> </span> 
     </span>
    </p>
   </div>
  </div>
 </body>
</html>
