2900 4658
207 1522 298 1600 Quod
321 1545 429 1587 omnes
452 1522 516 1587 fere
534 1523 750 1587 Roma-norum
774 1523 956 1588 comoediae
978 1522 1131 1606 palliatae
1153 1527 1265 1608 poetas

121 1610 226 1670 facere
256 1607 398 1672 videmus
426 1617 463 1671 ut
492 1629 556 1672 nou
586 1607 688 1672 solum
711 1614 860 1690 repetant
883 1615 1071 1690 argumenta
1093 1629 1113 1672 a
1135 1609 1265 1674 Graecis

120 1691 302 1756 fabularum
325 1692 546 1776 scriptoribus,
570 1692 625 1756 sed
648 1693 745 1756 etiam
767 1699 854 1756 totas
876 1694 1062 1757 recentioris
1083 1714 1166 1776 quae
1187 1692 1264 1758 dici-

120 1783 175 1840 tur
196 1777 377 1841 comoediae
398 1777 523 1841 fabulas
538 1799 577 1840 ue
595 1799 658 1841 uno
675 1777 803 1858 quidem
819 1783 943 1842 mutato
958 1799 1050 1842 versu
1066 1784 1264 1856 convertant,

120 1867 158 1926 ut
179 1862 323 1924 ardentes
344 1862 466 1925 iuuenes
487 1871 655 1946 raptaeque
677 1862 711 1924 in
733 1883 871 1924 umorem
891 1863 1014 1944 puellos
1035 1863 1193 1947 clerosque
1216 1885 1265 1926 ce·

120 1967 175 2009 nes
196 1947 351 2031 collesque
366 1969 427 2030 per
449 1953 554 2010 omnia
575 1967 677 2010 servm
700 1949 796 2010 etiam
815 1947 1008 2011 Graecorum
1031 1947 1144 2011 habitu
1165 1956 1264 2030 atque

120 2036 224 2110 veste,
255 2037 330 2113 toga
351 2034 472 2114 posita,
501 2039 627 2114 sumpto
650 2031 748 2114 pallio
772 2032 925 2107 induant,
958 2032 1058 2095 solam
1081 2032 1223 2114 linguam
1244 2052 1265 2096 a

121 2117 186 2178 suis
207 2122 327 2200 petant,
350 2115 449 2180 abeo
473 2137 559 2181 more
581 2137 621 2180 ne
637 2117 820 2180 Terentium
843 2117 971 2198 quidem
994 2138 1065 2180 cum
1085 2117 1200 2180 Plauto
1223 2117 1263 2180 de

119 2201 223 2348 Brimo
252 2201 320 2264 loco
348 2200 590 2265 contendentem
615 2201 795 2264 discessisse
818 2202 896 2264 satis
918 2207 1027 2265 notum
1050 2206 1109 2265 est
1154 2201 1263 2283 Neque

143 2305 180 2348 oc
202 2285 232 2350 ei
254 2285 331 2363 vitio
354 2285 464 2349 datum
488 2292 551 2364 est3
577 2306 714 2368 namque
734 2287 868 2350 inveniri
891 2292 1114 2368 argumentum
1136 2285 1264 2349 fabulae

119 2375 242 2434 veteres
265 2392 325 2435 non
349 2373 433 2434 tanti
455 2371 669 2434 aestimabant
691 2372 804 2453 quanti
827 2370 905 2434 bene
928 2371 1062 2434 describi
1085 2379 1182 2452 atque
1211 2391 1264 2434 ex-

117 2457 193 2537 poni
218 2462 439 2534 argumentum
464 2477 566 2537 neque
589 2456 672 2518 unde
694 2463 777 2518 esset
799 2455 933 2538 petitum
957 2477 1060 2539 neque
1077 2455 1167 2519 cuius
1182 2465 1265 2518 esset

117 2541 242 2621 generis
263 2541 438 2622 quidquem
461 2538 618 2604 curantes.
663 2540 734 2617 Qua
761 2540 800 2602 de
829 2559 864 2602 re
892 2542 1031 2603 omnium
1062 2551 1144 2622 quse
1173 2539 1265 2603 nobis

117 2624 250 2688 relictae
272 2631 346 2689 sunt
366 2624 547 2689 fabularum
571 2645 696 2708 semper
716 2624 783 2688 fere
804 2622 916 2688 eadem
939 2625 1025 2688 inter
1046 2645 1080 2687 se
1108 2632 1184 2687 sunt
1213 2643 1263 2687 ar·

118 2715 281 2790 gumenta.
326 2709 435 2792 Neque
458 2711 625 2773 Terentius
652 2709 780 2791 petiisse
812 2729 833 2771 a
854 2706 983 2774 Graecis
1013 2730 1046 2772 se
1075 2715 1264 2791 argumenta

118 2812 221 2875 neque
244 2793 411 2858 Menandri
433 2794 560 2858 fabulas
582 2793 784 2858 transtulisse
806 2801 923 2874 negat:
960 2794 995 2857 In
1023 2793 1175 2869 Andriae,
1200 2793 1264 2856 Eu-

66 2957 68 2961 !
118 2879 224 2953 nucbi,
247 2878 610 2955 Heautontimorumeni,
634 2878 801 2961 Adelphon
824 2877 980 2960 prologis,
1010 2900 1049 2942 ex
1071 2877 1262 2960 quibusnam

60 3019 63 3024 ι
117 2962 235 3026 fabulis
257 2963 387 3028 Graecis
410 2984 468 3027 sua
490 2965 630 3047 petierit,
654 2984 731 3046 prae
753 2983 786 3026 se
811 2963 881 3025 lert.

182 3048 292 3125 uuae
314 3070 412 3132 quum
435 3049 482 3112 ita
504 3056 618 3125 essent,
642 3048 710 3110 fieri
731 3047 845 3129 potuit,
868 3053 905 3109 ut
919 3067 1043 3111 summa
1058 3046 1206 3112 Terentio
1229 3049 1261 3111 in

118 3134 288 3196 comoediis
309 3134 484 3197 scribendis
506 3154 526 3197 a
547 3132 706 3196 veteribus
728 3131 850 3195 tributa
872 3131 914 3194 sit
936 3131 1006 3194 laus
1028 3151 1086 3194 nec
1108 3153 1170 3194 non
1197 3133 1262 3196 iam

118 3217 235 3300 populo
258 3219 415 3301 spectanti
437 3218 562 3282 fabulas
585 3222 714 3300 praeter
729 3216 886 3298 Hecyram
904 3236 1012 3279 omues
1034 3215 1126 3280 valde
1148 3217 1262 3300 proba·

118 3303 201 3365 verit
214 3307 249 3382 ¹).
295 3304 432 3366 Maxime
454 3301 667 3366 laudaverunt
682 3307 783 3364 artem
800 3301 869 3364 eius
883 3300 916 3364 in
933 3299 1069 3364 dicendo
1085 3322 1154 3364 cum
1173 3301 1261 3366 nullo

118 3386 212 3451 modo
234 3385 366 3451 effusam
389 3391 539 3470 omnique
562 3386 673 3449 humili
696 3393 729 3448 et
751 3384 880 3449 sordida
903 3385 1028 3448 dicendi
1058 3387 1182 3450 ratione
1211 3406 1263 3450 ca-

118 3481 241 3535 rentem
271 3478 340 3535 tum
370 3473 509 3553 eleganti
540 3471 677 3535 sermoni
706 3469 899 3533 simillimam
912 3472 950 3545 ²).
1002 3469 1201 3552 Quamquam
1224 3492 1261 3535 eo

119 3556 188 3638 ipso
209 3558 277 3620 eius
300 3558 372 3640 puri
394 3557 549 3620 sermonis
571 3554 676 3620 studio
698 3556 817 3618 factum
839 3563 896 3632 est,
918 3561 956 3617 ut
969 3553 1206 3620 desideraretur
1228 3557 1259 3619 in

119 3661 156 3705 eo
178 3641 280 3704 virtus
301 3643 422 3706 comica
444 3649 540 3724 atque
562 3640 654 3704 tortis
675 3639 744 3716 illa,
767 3659 849 3722 quae
871 3637 1106 3702 comoediarum
1129 3639 1260 3724 scripto·

117 3725 207 3790 ribus
230 3747 309 3809 opus
340 3734 397 3803 est,
426 3732 458 3789 et
486 3729 517 3789 in
547 3725 681 3789 diceudo
703 3724 790 3788 etin
812 3723 935 3806 egendo
957 3722 1004 3786 vis
1024 3723 1171 3806 iustoque
1191 3725 1260 3787 iure

118 3831 191 3874 eum
212 3811 347 3874 Plautus
369 3810 522 3875 facilitate
545 3817 577 3874 et
598 3808 774 3873 mobilitate
797 3829 907 3873 eorum
929 3807 984 3889 qui
1006 3814 1107 3890 agunt
1128 3807 1261 3871 salibus·

191 4030 211 4100 ¹)
246 4031 274 4083 G.
292 4029 402 4082 Sueton.
419 4027 573 4109 Tranquilli
590 4027 649 4080 rell.
670 4025 712 4078 ed.
730 4025 804 4107 lieth
822 4043 850 4094 p.
871 4025 931 4080 292.
962 4095 968 4106 ⁹

187 4101 210 4168 ²)
246 4098 298 4152 Oio-
313 4098 524 4164 ad.Att1c.Vll,
543 4101 567 4179 β,
582 4099 627 4162 10;
645 4095 679 4148 de
697 4111 775 4147 amic.
789 4095 882 4164 24,80.
917 4094 1027 4161 Qumot.
1039 4095 1065 4147 X
1078 4098 1100 4164 1,
1110 4095 1154 4148 99.
1172 4095 1260 4152 Varro

119 4169 427 4241 ap.eelt.vlt,14,o.
464 4167 584 4223 Velleius
603 4167 625 4232 I,
646 4169 686 4233 17,
701 4168 723 4218 l.
1096 4209 1097 4214 ,

1001 4267 1031 4320 1*
