2900 4658
747 1274 766 1327 Ο

482 1463 868 1611 Eunuchus.
977 1455 984 1466 “

196 1864 410 1928 Dissimillimo
432 1869 528 1946 atque
552 1864 672 1928 Andria
693 1863 786 1929 modo
810 1863 982 1928 Eunuchus
1004 1865 1113 1930 tabula
1141 1888 1161 1929 a
1183 1867 1240 1930 Te-

106 1950 212 2014 rentio
241 1950 365 2014 videtur·
394 1955 544 2012 contexta
571 1951 766 2032 alteramque
789 1948 910 2031 profert
931 1951 1167 2016 contaminandi
1190 1972 1240 2016 ra·

108 2036 226 2099 tionem
256 2035 333 2099 eius.
384 2036 486 2116 Atque
516 2055 607 2098 sunm
634 2034 762 2116 quidem
785 2035 944 2118 ingenium
967 2037 1067 2120 magis
1090 2057 1185 2118 quam
1206 2037 1239 2100 in

107 2121 221 2184 ceteris
251 2128 391 2184 secutum
421 2119 504 2182 hane
533 2140 602 2182 enm
639 2119 848 2202 composuisse
880 2118 1018 2184 subulam
1053 2122 1238 2205 putaverim.

108 2204 237 2288 Aliquid
265 2205 417 2269 interesse
444 2204 529 2268 inter
549 2204 663 2268 harum
686 2205 820 2268 duarum
843 2204 1023 2269 fabularum
1045 2207 1239 2270 contamina·

108 2291 211 2355 tiones
232 2290 295 2353 iam
318 2312 356 2353 ex
386 2290 484 2372 ipsius
505 2289 646 2353 Terentii
675 2291 708 2352 iu
739 2289 869 2371 prologo
897 2288 1000 2355 verbis
1030 2298 1164 2374 apparet
1192 2311 1239 2355 re·

110 2373 286 2440 nuntiantis
315 2376 347 2438 in
380 2374 514 2437 Andriae
543 2374 691 2456 prologo:
727 2373 814 2442 Quae
841 2395 1003 2437 cucumere
1024 2376 1058 2438 ia
1079 2375 1238 2439 Andriam

111 2484 148 2523 ee
172 2459 331 2523 Perinthia
352 2460 472 2538 fatetur
494 2459 686 2522 transtulisse
707 2469 798 2542 atque
820 2479 908 2522 usum
928 2460 1090 2541 pruscie,
1120 2460 1153 2524 in
1176 2461 1239 2524 Eu·

110 2544 221 2610 uuehi:
255 2547 296 2607 ln
323 2544 432 2608 Colace
454 2543 628 2606 Menandri
648 2553 692 2606 est
711 2543 871 2625 parasitus
898 2545 987 2607 colae
1013 2553 1041 2608 et
1068 2545 1154 2608 milas
1173 2545 1237 2628 plo·

110 2631 227 2706 riosus;
265 2651 316 2691 aas
341 2650 373 2691 se
406 2651 467 2692 non
498 2637 589 2710 nepai
611 2649 761 2711 personas
784 2629 976 2692 transtulisse
996 2629 1030 2693 e'n
1054 2630 1238 2694 Eunuchum

111 2736 196 2777 mam
218 2737 255 2778 en
275 2717 397 2776 Graeca
455 2713 537 2792 Quid
559 2713 686 2778 intersit
707 2719 744 2776 ut
764 2714 866 2795 magis
894 2711 1104 2796 intellegatur,
1126 2713 1239 2779 affera-

111 2820 180 2863 mus
200 2799 295 2862 liceet
324 2819 405 2882 quae
434 2799 465 2861 in
490 2798 654 2882 Adelphon
682 2798 811 2881 prologo
842 2796 953 2863 affert:
982 2799 1064 2862 Eum
1093 2799 1159 2878 (sel.
1185 2799 1239 2863 Di·

112 2884 187 2968 phili
209 2883 350 2968 fabulae)
374 2884 472 2946 laeum
487 2884 619 2964 sumpsit
633 2882 693 2945 sibi
705 2883 738 2945 in
755 2882 930 2965 Adelphos,
954 2883 1076 2947 eadam
1099 2885 1137 2947 de
1151 2885 1238 2948 uerbo

112 2989 283 3052 expressum
306 2969 424 3032 extulit.
471 2968 506 3031 ln
537 2968 674 3032 Andriae
702 2969 799 3048 igitur
827 2969 956 3050 prologo
985 2970 1018 3032 in
1047 2970 1238 3048 uuiversum,

113 3074 190 3138 quae
205 3055 425 3118 convenissent
440 3074 471 3118 se
486 3053 697 3130 transtulisse,
718 3054 751 3115 in
768 3053 932 3136 Adelphon
948 3053 1077 3118 verbum
1093 3052 1132 3118 de
1143 3054 1238 3119 verbo

113 3159 290 3222 expressum
312 3139 461 3203 extulisse
476 3138 562 3210 dicit,
584 3139 616 3202 in
634 3137 778 3201 Eunuchi
791 3138 921 3220 prologo
944 3138 983 3201 de
1004 3139 1147 3222 personis
1168 3143 1237 3202 tan-

112 3231 175 3288 tum
198 3245 373 3288 sermonem
395 3224 481 3288 facit.
526 3223 583 3287 His
605 3223 708 3286 verbis
730 3222 763 3286 id
791 3225 892 3286 inesse
922 3224 1056 3287 voluisse
1081 3229 1158 3307 puto
1181 3223 1238 3288 Te·

111 3309 260 3386 rentium,
283 3316 400 3373 utnon
423 3315 489 3373 tam
514 3308 608 3372 verba
630 3328 801 3390 saeuasque
822 3327 917 3390 quam
940 3314 1237 3390 personas-tentum

111 3413 280 3476 earumque
308 3395 480 3457 sententias
509 3393 710 3457 transtulisse
733 3413 765 3454 se
787 3391 914 3456 diceret.
959 3393 1047 3470 Quod
1071 3392 1118 3457 ita
1139 3394 1237 3478 expli-

112 3478 244 3544 candum
268 3498 335 3544 essa
357 3486 394 3542 ut
414 3479 600 3554 existimem,
623 3475 816 3542 adducorlis
830 3477 885 3559 qui
901 3484 1075 3560 sequuntur
1095 3479 1237 3543 versibus

114 3568 159 3628 35.
175 3585 272 3647 usque
288 3564 329 3628 ad
342 3568 403 3638 41„
425 3563 540 3647 quibus
560 3561 712 3640 defendit,
735 3581 884 3647 personas
905 3583 970 3626 rem
994 3563 1139 3627 omnihus
1154 3585 1236 3628 com-

113 3669 233 3713 munem
256 3669 331 3712 esse.
375 3649 505 3732 Iamque
528 3648 659 3712 Luscius
674 3647 834 3711 Lanarius
855 3667 979 3730 quoque
1001 3649 1107 3729 arguit
1121 3647 1237 3713 Teren-

112 3735 187 3798 tium
217 3734 302 3816 quod
334 3734 467 3817 parasiti
498 3739 530 3797 et
561 3733 671 3796 militis
693 3752 842 3815 personas
865 3733 976 3797 Plauto
1000 3731 1124 3797 furatus
1145 3740 1236 3812 esset,

113 3837 169 3883 non
191 3819 275 3901 quod
297 3839 408 3882 scenas
429 3823 486 3883 ant
507 3818 602 3882 verba
624 3838 693 3880 eum
716 3818 784 3882 eius
805 3816 915 3881 fabula
936 3817 1166 3882 consentientia
1180 3816 1234 3880 ha·

114 3904 207 3980 heret3
229 3924 310 3987 quae
331 3905 358 3967 si
381 3903 554 3980 habuisset,
577 3910 661 3966 certe
684 3903 742 3968 hoc
764 3903 881 3965 crimen
905 3901 1004 3966 multo
1026 3902 1151 3984 gravius
1172 3923 1234 3965 non

115 3988 241 4052 celasset
256 3988 464 4053 adversarius.
493 3988 691 4069 Quamquam
705 3986 794 4051 nullo
809 3986 902 4052 modo
918 3986 1136 4064 dubitandum,
1158 3987 1234 4068 quin

1 4111 2 4116 κ
115 4073 143 4137 in
163 4074 389 4138 sententiarum
411 4094 495 4139 nexu
517 4078 613 4154 atque
634 4074 665 4135 in
689 4071 833 4137 orations
853 4074 930 4137 satis
952 4071 1119 4136 Menandri
1146 4069 1234 4136 labu-
