2900 4658
298 447 364 512 lam
395 447 479 532 quod
509 447 646 520 accedit,
679 447 868 533 Antiphonis
891 469 1056 530 personam
1081 467 1099 510 u
1123 447 1275 512 Terentio
1305 446 1363 510 in·
1434 511 1435 514 ,

211 538 338 598 ventam
361 534 464 598 minus
486 532 678 598 Graecorum
700 534 825 598 vivendi
847 535 971 598 ratione
994 553 1123 597 usuram
1147 534 1256 608 luisse,
1293 531 1363 594 hoc
1435 542 1436 552 ¹

212 618 334 682 minimi
356 619 516 695 existimo;
547 636 618 680 nam
643 619 726 684 coire
749 619 780 682 in
806 619 935 683 Piraeeo
958 617 1189 703 simplicissime
1212 625 1259 680 est
1284 618 1363 680 dio·

212 709 295 778 tum,
329 704 477 787 quoniam
506 723 557 766 res
581 702 711 767 Athenis
735 706 847 786 agitur.
896 705 1038 786 Denique
1061 705 1169 768 deesse
1194 701 1363 785 Antipho-

212 809 283 852 nem
299 809 362 852 non
378 787 503 853 licuisse
518 786 688 852 Teuffelius
703 789 874 855 contendit.
905 789 966 854 Sed
990 790 1064 871 quid
1088 789 1171 871 quod
1195 789 1226 851 in
1252 806 1363 851 scena

213 873 252 937 de
273 872 413 937 vestibus
435 872 596 937 mutandis
618 873 697 937 nihil
721 875 770 953 agi
795 875 935 958 oportuit
958 883 1014 938 aut
1037 874 1121 938 domi
1144 895 1220 936 suae
1245 878 1363 936 vestes

212 965 335 1024 mutare
359 957 518 1022 Chaereae
541 958 630 1021 licuit
651 960 783 1022 conari?

296 1041 381 1105 Nihil
411 1043 476 1105 iere
506 1043 660 1120 allatum,
692 1065 791 1126 quare
817 1043 928 1107 Conati
960 1065 1027 1108 esse
1059 1043 1153 1108 verba
1177 1044 1233 1108 ‘Ut
1260 1041 1364 1124 opud

213 1127 438 1190 Menandrnm’
460 1149 619 1209 negemus.
666 1132 707 1193 At
728 1151 784 1192 cur
806 1129 937 1192 adderet
960 1128 1041 1193 hanc
1063 1149 1239 1213 personam,
1268 1127 1361 1189 satis

188 1211 309 1276 inisse
332 1211 407 1276 mihi
432 1212 555 1276 videtur
576 1213 723 1278 Terentio
746 1235 868 1279 causae.
907 1213 1080 1279 Plurimum
1097 1215 1164 1279 eius
1179 1214 1360 1276 intererat.

212 1301 250 1361 ut
271 1297 371 1378 magis
394 1299 514 1361 variam
537 1297 673 1362 efficeret
692 1300 867 1364 orationem
884 1298 1135 1382 defatigatosque
1151 1304 1360 1380 spectatores

213 1403 309 1446 unum
325 1388 448 1447 tantum
465 1382 630 1448 audientes
646 1385 776 1460 vitarem
798 1383 908 1449 eodem
931 1384 1024 1447 modo
1047 1386 1110 1448 alio
1132 1384 1200 1448 loco
1222 1401 1360 1446 summa

213 1467 241 1531 ei
264 1466 415 1532 tribuitur
437 1468 522 1539 laus,
556 1468 639 1550 quod
670 1469 840 1532 multarum
872 1491 1077 1553 personarum
1101 1472 1131 1532 iu
1156 1489 1252 1532 scena
1275 1488 1357 1530 con·

212 1551 331 1616 fluxum
359 1552 466 1616 iaciat.
517 1552 626 1636 Neque
659 1553 831 1637 quidquam
866 1555 971 1618 obstat
1023 1557 1169 1619 uomiuus
1197 1558 1359 1637 putemus

213 1637 296 1721 apud
321 1635 529 1702 Menandrum
552 1639 702 1703 hocloco
726 1639 915 1715 Chaeream,
946 1577 1022 1722 quid
1044 1640 1130 1704 intus
1152 1647 1276 1720 gestum
1300 1656 1357 1699 es·

213 1730 274 1799 set,
307 1741 368 1785 non
392 1723 596 1787 disserentem
621 1745 691 1788 cnm
717 1725 895 1807 Antiphone
917 1725 970 1788 sed
996 1746 1102 1789 secum
1125 1723 1216 1806 quasi
1239 1741 1355 1785 coram

213 1807 329 1893 populo
351 1806 530 1889 loquentem
554 1829 716 1888 narrasse3
752 1811 901 1874 minimae
924 1811 1005 1873 enim
1030 1817 1105 1874 sunt
1126 1819 1233 1892 partes
1257 1807 1355 1871 Anti·

213 1892 336 1977 phonis.
382 1893 448 1957 Hoc
471 1915 533 1956 non
557 1894 694 1958 alienum
719 1914 786 1958 esse
810 1916 828 1957 a
851 1916 937 1958 more
960 1895 1125 1959 Menandri
1147 1895 1356 1957 demonstrat

213 1979 254 2044 ΙΙ.
279 1981 307 2052 2,
334 1982 433 2042 1-33
456 1979 620 2044 meditatio
644 1979 831 2043 Gnathonis.
875 1979 957 2058 Quid
980 1981 1141 2062 scripserit
1163 1978 1354 2054 Menander,

213 2063 313 2128 conici
336 2062 411 2127 lieet
432 2063 573 2127 versibus
595 2069 687 2144 5-9,
710 2064 824 2148 quihus
846 2065 1010 2129 timentem
1033 2065 1110 2128 facit
1131 2070 1225 2148 poeta
1245 2063 1353 2127 Chae·

213 2167 301 2213 ream
329 2149 459 2230 nequis
482 2149 549 2210 eius
571 2148 721 2231 gaudium
745 2150 893 2214 deturbet
914 2170 1024 2213 eumve
1047 2149 1213 2232 rogitando
1235 2169 1354 2212 excru-

212 2233 282 2297 ciet.
328 2233 415 2311 Quae
438 2233 533 2297 verba
556 2255 652 2316 quam
676 2235 714 2296 ad
738 2233 876 2298 Terentii
906 2234 988 2298 hanc
1019 2255 1142 2300 scenam
1176 2243 1252 2317 epta
1284 2253 1352 2296 non

213 2318 288 2392 sint,
323 2317 413 2382 facile
435 2317 617 2399 intellegas.
651 2319 705 2382 sed
728 2320 759 2383 id
783 2326 894 2402 optare
917 2319 1107 2393 Chaeream,
1140 2325 1177 2382 ut
1198 2319 1285 2381 solue
1308 2321 1354 2381 sit

211 2423 494 2486 usquequaquam
517 2411 684 2486 praesento
706 2405 783 2488 quid
805 2411 926 2488 gestum
956 2406 997 2468 sit
1023 2424 1176 2468 enarrans
1204 2403 1352 2466 laetitiae

211 2486 383 2568 indulgeat.
436 2489 505 2566 Qua
535 2488 573 2552 de
603 2510 700 2554 eausa
721 2489 887 2555 Terentius
910 2489 968 2555 hoc
992 2491 1152 2556 Chaereae
1173 2488 1257 2573 apud
1281 2487 1352 2550 Me-

212 2572 370 2637 nandrum
394 2573 582 2638 desiderium
606 2575 782 2657 neglexerit
804 2576 959 2658 aliterque
982 2596 1048 2640 rem
1070 2573 1272 2650 instruxerit,
1296 2593 1351 2636 su-

212 2678 271 2742 pra
293 2659 354 2722 iam
379 2657 663 2723 demonstravimus
677 2663 711 2738 ¹).
946 2667 948 2672 '

285 2931 305 3000 ¹)
341 2930 431 2984 Aliter
448 2931 522 2984 hunc
539 2930 628 2985 locum
646 2929 784 2984 intellexit
795 2930 917 2984 Donatus
937 2935 965 2982 et
979 2929 1080 3000 Beniey
1099 2931 1126 2982 in
1145 2929 1239 2984 trenel.
1256 2931 1349 2984 Germ.

213 3019 239 3072 p.
253 3004 305 3055 605
325 3006 353 3055 et
371 3005 428 3057 709.
465 3001 508 3054 Ad
525 3001 609 3054 verba
627 3002 700 3054 euim
718 3017 787 3070 quae
805 3005 868 3055 sunt
887 3001 941 3070 ‘que‘
952 3018 992 3052 me
1000 2999 1132 3070 ecqualar'
1156 3001 1279 3055 Donatus
1298 3004 1348 3056 ed·

214 3077 303 3127 notat:
331 3072 368 3124 Id
390 3071 461 3140 cupit
481 3072 597 3140 qaudam
622 3073 691 3140 qued
713 3070 831 3123 tristibus
849 3073 983 3124 molestam
1003 3077 1040 3122 est
1058 3071 1114 3139 (ecl.
1133 3071 1194 3125 eliis
1212 3073 1246 3124 de
1265 3072 1350 3126 rebus

212 3142 337 3200 secundis
360 3142 486 3210 referre),
517 3159 579 3194 nam
599 3146 690 3196 centra
709 3141 879 3194 Menedemus
902 3145 1031 3208 precatur
1055 3159 1169 3194 narrare
1190 3159 1256 3211 qnae
1280 3143 1351 3195 delet

212 3213 250 3282 (in
265 3212 596 3278 Heautontimorumeuol3
622 3215 649 3264 et
669 3212 703 3266 ed
721 3211 816 3264 verbe:
835 3211 898 3263 ‘Sed
914 3209 1075 3264 neminemne
1093 3212 1234 3264 eurresum’
1253 3216 1349 3282 Appa-

214 3287 289 3336 ratus
315 3283 351 3336 ad
373 3281 542 3334 intentionem
561 3283 676 3350 sutrinae
702 3279 865 3334 narrationis
889 3278 995 3333 dicitur.
1038 3281 1087 3335 His
1109 3281 1195 3352 igilur
1212 3281 1350 3337 Chaereae

211 3353 302 3408 verbis
319 3353 348 3406 id
366 3353 456 3406 inesse
473 3352 532 3405 vult
548 3352 679 3414 Donatus,
697 3355 729 3405 ut
746 3355 881 3420 gravetur,
902 3351 974 3420 quod
992 3369 1047 3406 non
1065 3352 1165 3405 habeat
1183 3352 1226 3405 cui
1244 3357 1349 3418 narret,

213 3423 382 3491 eundemque
395 3439 501 3477 sensum
514 3421 602 3474 inesse
614 3421 804 3488 putetBenfey
816 3439 877 3476 cum
891 3422 973 3476 dicit:
992 3421 1071 3474 Doeh
1083 3439 1153 3474 mese
1167 3427 1214 3474 eta.
1235 3427 1275 3475 et:
1294 3423 1348 3475 Ich

211 3491 261 3562 ped
285 3493 340 3545 und
361 3491 420 3545 will
435 3491 489 3546 mir
507 3491 593 3544 diesen
611 3491 697 3544 Danlc
715 3490 764 3542 wie
782 3509 810 3543 cr
828 3509 854 3544 ee
872 3492 990 3544 wemalet
1006 3491 1153 3544 oerdienen.
1186 3491 1215 3561 (l.
1233 3496 1275 3560 c).
1309 3493 1349 3547 nt

213 3562 326 3618 dubium
345 3562 413 3616 mihi
430 3563 547 3622 videtur,
566 3579 630 3614 num
650 3560 713 3616 talis
732 3578 825 3614 sensus
838 3561 880 3614 his
893 3561 984 3615 verbis
997 3563 1084 3616 inesse
1098 3563 1196 3630 possit;
1215 3580 1248 3616 eu
1265 3581 1346 3632 quem

218 3633 298 3688 effert
316 3629 496 3702 Benfeyloeo
514 3633 598 3687 Andr.
616 3632 648 3699 V,
667 3633 691 3696 5,
711 3632 726 3684 6
747 3631 775 3684 id
793 3632 882 3701 ipsum
901 3631 1046 3685 aChariuo
1064 3633 1176 3699 dicitur,
1200 3650 1298 3702 cupere
1317 3651 1346 3688 ee

213 3705 255 3759 cui
275 3702 340 3773 quid
358 3707 465 3770 gestum
482 3703 519 3756 eit
535 3707 637 3756 narret.
672 3701 806 3772 Equidem
832 3704 911 3772 puto,
939 3701 968 3755 id
992 3703 1126 3773 imprimis
1146 3721 1244 3772 cupere
1263 3703 1346 3758 Chae·

216 3791 288 3828 ream
307 3773 442 3826 neminem
460 3773 637 3840 intervenire,
661 3774 781 3827 seeundo
799 3773 898 3827 deinde
916 3771 989 3833 loco,
1015 3789 1049 3826 ne
1067 3775 1189 3826 curiosus
1206 3773 1287 3828 humo
1306 3775 1345 3826 in·

215 3844 364 3909 terreniet;
384 3846 412 3895 et
428 3843 462 3896 ed
482 3843 535 3896 hoo
552 3844 665 3897 verbum
685 3843 824 3897 ‘curiosus’
843 3843 978 3912 pertinere
995 3843 1063 3896 mihi
1081 3843 1209 3896 videntur
1226 3861 1294 3912 queo
1306 3845 1345 3898 di-

217 3915 256 3969 cit
272 3913 408 3984 Antipho:
427 3916 515 3981 Atque
533 3913 566 3965 ab
584 3933 614 3966 ee
631 3912 748 3984 pralium
767 3912 844 3976 hene,
865 3931 943 3982 quem
962 3912 1035 3966 eideo
1052 3912 1125 3975 velle,
1146 3911 1230 3970 inibo:
1258 3932 1344 3984 neque

216 3984 287 4039 enim
315 3984 450 4039 curiosum
476 3983 597 4051 Antipho
626 3984 674 4036 sed
701 3983 817 4037 amicum
845 3987 927 4052 etque
952 3983 1114 4036 familiarem
1141 3999 1170 4036 se
1195 3999 1254 4036 esse
1278 3985 1344 4038 vult.

216 4055 385 4124 Quemquam
404 4071 436 4108 ea
455 4068 524 4121 ques
542 4052 663 4122 Antipho
682 4053 812 4106 cretionis
832 4070 896 4106 enee
913 4051 991 4108 initio
1010 4051 1141 4122 loquitur,
1167 4053 1249 4106 etiam
1267 4059 1343 4123 putes

215 4127 318 4180 ironice
339 4127 413 4180 diota
430 4140 488 4178 esee
506 4126 588 4192 etque
606 4140 705 4192 cupere
722 4123 882 4191 Chaeream,
900 4125 1036 4177 neminem
1053 4123 1224 4180 interuenire.
