2900 4658
767 271 808 332 et

217 453 353 520 ducitur.
396 452 561 532 Quomodo
582 449 661 519 haec
683 453 767 536 apud
791 452 1000 518 Menandrum
1023 457 1112 534 gesta
1134 453 1199 517 sint
1223 474 1286 518 non
1315 453 1367 518 di-

217 540 313 619 xeris3
343 540 429 604 haud
452 541 516 604 scio
539 560 580 604 an
603 539 650 604 ita
671 547 761 621 gesta
782 539 900 618 cogites
922 545 958 601 ut
982 539 1134 602 Parmeno
1156 559 1285 603 servum
1312 561 1366 603 se·

216 645 288 690 cum
310 625 428 690 ducens
449 627 483 689 in
505 644 600 688 scena
614 622 768 688 Thaidem
790 624 946 687 inveniret
967 621 1139 687 adductam
1162 625 1269 688 nescio
1293 645 1365 706 quo

216 730 306 789 omn,
339 731 434 793 qnam
457 710 554 773 etiam
578 709 635 785 111,
661 713 679 772 2
702 708 810 772 adesse
831 708 949 773 rideas.
995 708 1083 785 Quae
1104 708 1274 772 Terentius
1298 710 1366 772 hoc

216 795 286 860 loeo
307 793 434 860 fabulae
457 793 601 870 inseruit,
624 793 784 877 adipsum
800 792 1058 857 fabulaenexum
1075 792 1139 856 fere
1157 792 1366 858 nullomodo

215 881 385 963 pertinent.
415 878 525 962 Neque
541 880 619 942 satis
634 883 708 961 apte
724 885 781 941 aut
796 879 896 960 perite
912 899 983 942 eum
1005 877 1114 941 fecisse
1137 878 1364 944 iudicandum.

216 965 329 1029 Paucis
338 966 479 1048 exeeptis
490 965 600 1048 primis
612 963 714 1028 serbis
725 965 860 1046 primam
869 983 995 1027 scenam
1009 961 1150 1028 eGolace
1160 964 1364 1028 translatam

215 1049 345 1116 verbum
368 1049 407 1113 de
430 1049 524 1114 verbo
544 1054 689 1132 apparet.
733 1048 844 1112 Militis
865 1049 1054 1112 iactatiouee
1070 1046 1194 1112 Colaois
1210 1069 1278 1112 esse
1303 1051 1364 1112 vix

215 1133 450 1212 adnotandum
486 1133 542 1198 sed
571 1154 610 1197 ne
639 1131 773 1198 alteram
802 1132 876 1196 inde
898 1153 918 1195 a
942 1155 969 1196 v.
993 1139 1043 1196 45.
1067 1140 1191 1216 partem
1214 1134 1363 1217 quidem,

215 1239 298 1302 quae
319 1217 458 1283 Terentii
480 1218 580 1283 videri
601 1224 706 1302 potest
726 1237 823 1301 quum
844 1216 974 1281 Thaidis
996 1237 1110 1281 nomen
1132 1218 1165 1281 in
1190 1238 1228 1282 ea
1250 1219 1303 1296 eit,
1330 1218 1364 1282 ei

215 1304 389 1380 attribuas;
426 1304 479 1368 sed
501 1323 519 1366 e
542 1301 656 1368 Colace
678 1303 878 1385 desumptam
901 1309 1002 1385 putes.
1046 1302 1128 1366 Nam
1151 1304 1236 1385 quod
1261 1324 1361 1367 exco-

214 1389 297 1470 gitat
326 1388 467 1468 Gnatho,
504 1395 541 1452 ut
569 1386 661 1452 miles
689 1387 819 1452 Thaidis
847 1408 986 1452 amorem
1016 1387 1158 1452 stimulet
1187 1387 1362 1452 laudanda

214 1474 392 1558 Pamphila,
414 1474 474 1538 hoo
495 1480 528 1537 et
548 1493 569 1536 a
583 1473 746 1538 Thrasone
768 1471 804 1536 lit
826 1474 880 1550 ita,
903 1479 939 1538 ut
956 1472 1016 1536 vim
1032 1479 1128 1556 atque
1144 1473 1362 1538 contumelias

214 1558 328 1624 Thaidi
349 1558 481 1637 inferat,
504 1579 605 1642 neque
628 1558 660 1622 id
682 1560 785 1641 ipsum
808 1558 893 1641 quod
916 1557 1045 1622 Gnatho
1068 1567 1214 1622 suaserat
1234 1558 1276 1622 ad
1300 1579 1361 1622 ex·

214 1651 351 1710 tremum
373 1644 487 1726 agitur.
537 1643 748 1721 Quamobrem
778 1643 1013 1707 assentiendum
1046 1663 1109 1707 nou
1138 1643 1266 1708 videtur
1288 1643 1361 1707 Do-

214 1736 290 1793 nato
316 1729 482 1792 adnotanti
511 1749 657 1811 magnam
686 1721 873 1810 οἰκονομίαν
899 1727 949 1791 hic
979 1748 1059 1805 esse,
1095 1749 1157 1812 quo
1189 1728 1361 1792 Terentius

208 1823 380 1897 prosperet
401 1814 659 1897 quemadmodum
681 1812 819 1894 iurgium
842 1813 922 1876 inter
946 1811 1096 1876 Thaidem
1122 1812 1314 1897 militemque
1333 1816 1359 1895 ¹)

212 1919 270 1982 per
291 1900 370 1962 duos
393 1907 501 1980 portes
523 1907 628 1980 serpat
652 1897 801 1976 fabulae,
839 1898 998 1981 verbaque
1031 1905 1158 1962 tautum
1190 1898 1249 1963 hoo
1282 1899 1360 1964 loco

214 1983 417 2048 scholiastam
440 1983 545 2048 lacere
566 1983 722 2048 existimo.
767 1982 858 2062 Quod
880 1985 965 2048 enim
992 1990 1259 2048 commemoratur
1287 1986 1360 2048 iur-

214 2070 311 2151 gium,
333 2073 504 2133 maximam
519 2077 641 2152 partem
658 2068 742 2132 inter
764 2088 895 2132 coenem
916 2076 989 2151 post
1011 2088 1138 2132 scenam
1161 2070 1256 2134 luisse
1281 2076 1360 2133 tan·

214 2161 346 2236 tumque
367 2152 464 2218 finem
488 2154 556 2218 eius
577 2154 630 2230 IV,
654 2159 671 2214 7
696 2152 781 2237 apud
804 2161 997 2237 spectatores
1019 2160 1126 2218 actum
1156 2175 1224 2220 esse
1252 2175 1357 2238 appa-

215 2244 273 2303 ret.
317 2239 464 2303 Fortasse
486 2240 518 2302 in
541 2238 710 2303 Menandri
732 2238 846 2302 Colace
868 2239 969 2303 maior
991 2239 1078 2302 rixae
1100 2261 1176 2323 pars
1197 2241 1228 2302 iu
1257 2259 1360 2303 scena

215 2323 370 2406 agebatur
391 2324 432 2388 ad
455 2345 589 2407 eamque
610 2323 689 2388 haec
710 2323 820 2388 militis
836 2330 868 2386 et
882 2323 1060 2389 Gnathonis
1076 2324 1172 2388 verba
1191 2325 1361 2408 pertinent

215 2409 300 2493 apud
316 2409 499 2474 Terentium
522 2427 585 2473 non
608 2408 686 2472 satis
709 2416 794 2493 apta.
839 2408 927 2486 Quae
949 2409 1176 2492 interloquitur
1187 2413 1360 2490 Parmeno,

215 2495 255 2559 ab
278 2494 347 2578 ipso
368 2494 516 2559 Terentio
540 2493 650 2558 addita
673 2514 740 2558 esee
762 2515 825 2558 non
847 2494 1065 2558 adnotandum
1089 2494 1223 2560 videtur.

300 2579 474 2643 Inseruisse
495 2600 567 2643 oum
589 2578 674 2642 hano
695 2599 822 2644 scenam
844 2585 931 2662 puto,
955 2587 992 2643 ut
1013 2580 1150 2643 militu'm
1171 2579 1359 2663 superbiam

214 2665 279 2728 lam
295 2669 363 2728 tum
379 2663 497 2728 Romae
513 2664 701 2728 iactantium
717 2671 813 2747 atque
835 2665 1062 2729 ostentantium
1086 2664 1236 2730 illuderet
1257 2672 1360 2749 atque

215 2749 403 2829 exagitaret.
442 2749 504 2814 Sed
519 2769 589 2812 eam
604 2768 730 2832 quoque
745 2768 873 2813 caueam
890 2749 1050 2814 inserendi
1065 2755 1166 2835 putes,
1191 2757 1227 2813 ut
1247 2751 1361 2834 plures

215 2853 366 2918 personas
387 2833 535 2898 Terentio
566 2833 740 2918 producere
770 2835 888 2898 liceret.
941 2834 1028 2899 Haeo
1059 2838 1220 2901 sententia
1254 2839 1361 2918 magis
1423 2839 1424 2912 g

215 2917 381 3004 probanda
403 2919 527 2984 videtur
550 2918 791 3002 consimilisque
814 2917 851 2982 fit
871 2919 911 2982 iis
940 2940 1023 3003 qnae
1046 2921 1190 2984 Donatus
1220 2920 1361 2985 adnotat
1423 2919 1424 2970 l

215 3003 326 3082 111,2,
353 3009 385 3068 l:
419 3002 486 3068 Hie
506 3002 665 3068 inducitur
687 3004 848 3087 multiplea
870 3025 1035 3068 concursus
1057 3005 1257 3069 dissimilium
1280 3027 1360 3090 per·
1423 3025 1424 3038 ¹

216 3109 363 3152 sonorum
379 3096 408 3152 et
422 3097 525 3152 mmen
539 3089 650 3152 uirtute
671 3099 700 3152 et
721 3089 848 3152 consilio
863 3097 975 3172 poetae
990 3090 1207 3166 discretorum,
1231 3099 1267 3154 ut
1284 3114 1360 3155 con-

207 3173 301 3257 fusio
324 3173 412 3237 uulda
433 3174 473 3238 sit
486 3175 583 3258 facto
605 3175 772 3254 carmania·
808 3173 903 3237 simui
923 3177 1016 3238 etium
1035 3196 1096 3258 pro
1118 3197 1150 3238 ss
1172 3175 1282 3260 cuique
1303 3199 1359 3240 oc·
1423 3191 1424 3196 ’

199 3260 409 3322 ‘commodato
429 3259 508 3322 mire
529 3268 757 3341 representatur
779 3258 889 3324 oratio.
937 3261 1085 3325 Summae
1113 3261 1173 3325 hoc
1200 3261 1269 3326 loco
1292 3261 1360 3328 Do-

218 3351 313 3408 natus
335 3344 482 3409 Terentio
505 3345 593 3408 laudi
615 3345 729 3409 tribuit
760 3347 845 3428 quod
873 3345 1018 3429 quamvis
1046 3346 1219 3410 multarum
1247 3367 1359 3429 perso-

217 3447 331 3492 narum
354 3431 386 3492 in
409 3447 563 3494 concursu
586 3435 690 3494 certus
712 3439 841 3494 maneat
856 3431 950 3510 ordo;
973 3431 1048 3513 quid
1065 3432 1172 3496 obstet
1187 3433 1360 3515 quominus

218 3513 250 3577 id
272 3513 374 3594 ipsum
397 3517 497 3596 egisse
512 3513 694 3578 Terentium
711 3511 857 3598 putemne
873 3537 973 3599 eaque
987 3517 1026 3580 de
1042 3537 1138 3581 eausa
1153 3516 1357 3583 Gnathonem

218 3596 344 3662 tabulae
373 3599 550 3672 addidisse,
583 3606 619 3665 ut
649 3619 746 3682 quum
775 3599 1014 3683 locupletiorem
1036 3601 1158 3666 laceret
1179 3604 1356 3668 orationem

220 3691 287 3748 tum
310 3683 418 3747 multis
441 3686 584 3768 personis
605 3684 769 3768 productis
791 3685 945 3769 insignem
968 3707 1000 3751 se
1023 3693 1056 3751 et
1075 3687 1214 3772 peritum
1229 3690 1274 3754 rei
1291 3709 1356 3754 sce-

220 3769 311 3833 nicae
332 3768 499 3851 praeberet
519 3779 654 3853 poetam.

306 3853 365 3928 ΙΙΙ,
388 3855 417 3916 2.
461 3854 572 3930 Qualis
592 3854 672 3919 haec
692 3873 786 3919 scene
807 3853 946 3921 Terentii
968 3857 1080 3930 estin
1103 3857 1270 3924 Menandri
1293 3860 1356 3924 Eu-

220 3938 325 4004 nucho
347 3938 443 4004 luisse
465 3958 528 4002 non
550 3945 656 4024 potest
684 3959 785 4024 neque
813 3961 889 4006 vero
917 3944 950 4006 in
974 3942 1106 4020 Colace3
1142 3965 1245 4029 neque
1272 3948 1355 4010 enim

291 4135 311 4201 ¹)
344 4131 522 4200 hdsosiptnm
540 4147 557 4184 e
574 4131 726 4200 posteriore
743 4133 867 4200 quodem
885 4139 910 4186 et
931 4133 1107 4188 Gnathonem.
