2900 4658
774 239 816 300 40

228 421 390 504 ingenium
413 425 509 506 atque
532 425 648 486 nature
669 421 747 492 satis
768 427 861 486 erant
882 420 1041 505 descripte
1063 443 1167 504 neque
1192 423 1313 488 tertius
1328 422 1374 487 ia·

228 505 322 572 bulae
343 506 446 572 nodus
466 505 514 571 ita
534 511 604 570 erat
625 504 747 570 solutus
770 511 806 570 ut
827 507 906 570 satis
920 505 1031 570 illusus
1047 513 1130 572 esset
1146 508 1253 572 miles.
1290 509 1374 586 Qua·

229 597 358 677 propter
380 591 482 657 denuo
505 591 537 654 hi
561 589 623 656 duo
644 591 848 668 inducuntur,
872 591 962 655 miles
984 593 1038 673 qui
1061 592 1269 672 aPhaedria
1284 599 1376 678 petat

229 677 374 760 quamvis
396 675 560 740 minimam
581 675 713 740 Thaidis
734 677 881 758 gratiam,
903 678 1028 741 Gnatho
1053 684 1087 741 ut
1108 699 1237 742 omnem
1263 699 1374 742 assen-

229 761 343 826 tatoris
373 759 588 826 humilitatem
616 763 750 844 aperiat.
804 762 892 840 Quae
921 762 962 826 de
991 760 1040 826 his
1069 762 1199 828 duabus·
1222 764 1376 846 personis

229 855 368 928 aguntur
389 854 523 930 apparet
544 846 583 910 de
606 845 719 911 Colace
741 847 914 926 translata,
936 869 1126 930 quamquam
1151 870 1193 912 ne
1215 848 1281 912 hoc
1303 849 1376 930 qui-

229 931 301 997 dem
322 931 390 996 loco
412 931 593 996 Terentium
614 932 744 996 verbum
767 931 806 996 do
828 934 924 997 verbo
951 932 1005 996 sed
1033 934 1210 998 sententias
1240 939 1374 998 tantum

229 1017 410 1100 ingeniique
433 1016 657 1100 descriptiones
680 1017 878 1082 transtulisse
925 1018 1087 1082 utaverim.

314 1102 382 1181 Quo
405 1102 445 1166 sit
472 1101 540 1165 loco
571 1101 696 1166 initium
727 1039 1020 1180 contaminahionis‚
1054 1103 1132 1168 satis
1164 1108 1213 1166 est
1242 1103 1377 1186 perspi-

230 1208 334 1252 ounm.
381 1191 424 1250 hc
453 1207 548 1250 scena
578 1191 607 1255 7.
635 1187 762 1270 quidem
793 1195 862 1251 tota
891 1186 1015 1252 Colacis
1043 1193 1100 1252 est.
1150 1188 1258 1252 Pauca
1292 1188 1375 1270 quin

230 1277 355 1338 mutata
382 1273 446 1336 sint
475 1292 538 1335 non
566 1270 785 1336 dubitandum.
838 1273 980 1356 Namque
1001 1273 1134 1338 adnotat
1157 1272 1306 1338 Donatus
1331 1273 1376 1336 ad

230 1357 267 1436 V,
281 1362 310 1436 t,
326 1363 362 1422 4:
389 1356 454 1420 Hic
481 1355 641 1420 Terentius
662 1357 809 1440 exprimit
831 1357 1078 1422 consuetudinem
1104 1357 1137 1421 in
1159 1379 1222 1442 qua
1243 1357 1395 1439 ipnaois·

229 1442 365 1506 rationes
386 1441 551 1506 criminum
574 1450 603 1505 et
624 1441 763 1523 exempla
784 1443 993 1524 suppeditant.
1040 1445 1123 1506 Nam
1146 1443 1190 1505 sic
1212 1450 1241 1505 et
1269 1465 1378 1525 supra

229 1528 268 1592 de
284 1525 418 1610 Pyrrho.
465 1526 498 1592 Si
519 1547 558 1590 ex
581 1548 617 1590 eo
640 1527 725 1610 qnod
747 1548 843 1610 supra
866 1527 1088 1592 adnotavimus
1110 1527 1180 1608 (lv,
1193 1532 1227 1606 2)
1249 1525 1377 1590 Teren-

230 1614 310 1678 tinm
333 1610 487 1694 Pyrrhum
510 1613 542 1676 in
567 1611 740 1676 Menandro
763 1633 824 1676 non
846 1611 976 1694 legisse,
998 1613 1143 1676 concludi
1164 1613 1251 1691 licet,
1278 1613 1376 1676 alind

229 1696 409 1778 exemplum
431 1697 490 1761 hoo
512 1697 581 1761 loco
602 1697 688 1780 apud
712 1697 920 1762 Menandrum
943 1705 1022 1761 erat.

230 1777 233 1786 ’
315 1781 434 1846 Scenae
457 1781 570 1846 deinde
591 1786 619 1845 8.
644 1783 780 1866 priorem
797 1803 896 1864 usque
914 1783 954 1846 ad
972 1804 999 1846 v.
1012 1787 1061 1847 23.
1078 1789 1201 1866 partem
1218 1782 1378 1846 Eunuchi

230 1887 298 1934 esse
320 1873 470 1951 apparet,
493 1866 547 1931 sed
571 1873 726 1932 mutatam
750 1889 769 1930 a
791 1866 952 1943 Terentio;
986 1867 1140 1932 Parmeno
1163 1888 1245 1950 quae
1268 1868 1377 1932 inter-

231 1954 371 2037 loquitur
392 1951 432 2016 ab
456 1973 493 2016 eo
515 1951 639 2026 addita,
668 1973 726 2017 nec
748 1953 853 2016 minus
874 1953 1064 2034 interposuit
1086 1973 1167 2036 qaae
1189 1952 1315 2016 Thraso
1339 1963 1377 2015 et

230 2038 357 2104 Gnatho
379 2037 463 2102 inter
485 2057 518 2100 se
540 2037 721 2120 loquuntur.
767 2039 855 2116 Quae
870 2061 886 2101 e
900 2036 1013 2102 Colace
1030 2039 1196 2102 transtulit
1209 2038 1377 2120 incipiunt

231 2145 258 2188 v.
275 2128 324 2188 23.
360 2122 467 2206 Neque
485 2143 557 2186 vero
573 2123 652 2186 satis
674 2123 844 2187 artificiose
867 2128 968 2206 poeta,
990 2131 1159 2206 postquam
1177 2123 1374 2186 Phaedriam

230 2206 440 2274 exsultantem
462 2207 578 2290 gaudio
600 2207 752 2292 depinxit,
776 2216 931 2272 tacentem
954 2228 1025 2271 eum
1047 2207 1126 2271 facit
1147 2208 1220 2271 dum
1243 2207 1376 2270 Thraso

231 2315 301 2360 oum
331 2293 499 2357 Gnathone
528 2292 739 2376 colloquitur;
772 2294 844 2376 quis
876 2292 959 2357 euim
990 2293 1150 2375 putaverit
1178 2292 1374 2356 Phaedriam

231 2388 297 2444 tam
320 2379 375 2444 diu
398 2378 543 2442 siluisse?
588 2378 663 2442 Eius
685 2378 769 2462 qnod
792 2379 832 2442 ad
856 2378 950 2442 finem
973 2385 1021 2442 est
1049 2379 1133 2442 inter
1155 2377 1373 2454 Gnathonem,

231 2465 435 2540 Thrasonem,
459 2462 658 2542 Phaedriam,
678 2463 850 2528 Chaeream
868 2463 1025 2546 colloquii,
1047 2469 1202 2546 quantum
1217 2484 1234 2527 e
1250 2462 1374 2528 Colace

231 2549 442 2633 desumpserit
463 2554 656 2631 quantumve
679 2549 717 2614 de
739 2569 796 2613 suo
818 2547 992 2625 addiderit,
1026 2569 1088 2612 non
1115 2548 1371 2613 diiudicandum.

233 2633 399 2701 Addidisse
429 2655 500 2697 eum
529 2653 640 2698 censeo
670 2634 735 2697 lere
766 2634 871 2698 omnia
902 2653 983 2716 quae
1002 2632 1052 2697 ad
1073 2634 1202 2698 Thaidis
1225 2655 1372 2698 amorem

232 2719 326 2786 militi
349 2719 471 2784 licitum
493 2718 663 2802 pertinent,
686 2719 747 2783 nisi
770 2718 851 2782 l'orte
872 2727 973 2800 putes,
995 2719 1091 2782 etiam
1114 2720 1147 2782 in
1172 2719 1284 2784 Colace
1309 2719 1371 2782 nti-

231 2806 319 2871 litem
341 2806 513 2869 iactantem
536 2802 576 2868 ab
598 2824 636 2866 ea
657 2823 753 2886 quam
770 2801 898 2867 amabat
913 2803 1078 2886 deceptum
1094 2825 1170 2869 esse.
1204 2805 1372 2870 Pertinent

233 2895 318 2956 certe
341 2891 381 2957 ad
404 2887 489 2952 hunc
511 2886 613 2952 locum
635 2909 674 2952 ea
696 2909 778 2972 quae
800 2889 945 2952 Donatus
967 2888 1103 2953 adnotat
1123 2889 1165 2953 ad
1187 2889 1244 2965 Ill,
1265 2893 1289 2969 1,
1307 2893 1368 2960 56:

234 2975 300 3042 His
321 2973 479 3038 anniculis
498 2993 665 3056 personam
687 2973 796 3038 militis
818 2982 847 3036 et
871 2972 1047 3036 Gnathonis
1068 2974 1290 3038 continentibus
1318 2968 1369 3038 oi-

233 3055 370 3142 κονομία
384 3058 553 3134 inducitur,
570 3059 654 3143 quod
668 3058 832 3122 uerisimile
842 3057 901 3142 fir,
923 3057 1022 3136 facile
1035 3059 1163 3122 militem
1177 3060 1265 3137 ferre
1276 3081 1369 3142 posse

233 3146 380 3230 anteponi
393 3144 454 3209 sihi
468 3142 671 3221 Phaedriam,
694 3143 750 3228 qui
770 3166 801 3207 se
821 3165 940 3226 semper
961 3142 1145 3208 intellexerit
1165 3167 1227 3208 non
1248 3145 1366 3210 amari.

234 3235 321 3299 Nam
344 3232 373 3296 si
392 3229 449 3294 hoc
471 3229 572 3303 tollae,
597 3240 652 3293 aut
673 3229 878 3294 excludendus
893 3238 937 3291 est
956 3227 1111 3307 Phaedria
1127 3239 1183 3294 aut
1203 3253 1240 3293 eu
1260 3230 1369 3294 dolore

234 3316 344 3382 militis
363 3317 397 3381 in
421 3315 479 3378 hae
498 3314 611 3394 fabula
623 3314 672 3398 fit
692 3316 791 3379 exitus
814 3313 960 3397 tropicus.
1012 3313 1171 3398 Rectaque
1200 3316 1370 3381 adnotavit

234 3403 362 3486 Benley,
384 3401 424 3466 ab
447 3400 514 3483 ipso
536 3399 698 3476 Terentio,
719 3401 802 3483 quod
826 3400 986 3475 convenit,
1009 3399 1107 3464 videri
1131 3403 1308 3480 inventum,
1333 3409 1370 3466 ut

235 3489 325 3552 miles
347 3486 513 3572 pecuniam
538 3483 712 3549 Phaedriae
734 3486 836 3550 amori
856 3485 1031 3567 praeberet.
