2900 4658
759 243 796 304 16

633 430 703 491 Act.
728 427 764 505 V,
786 447 869 492 scen.
892 431 924 498 1.

297 513 339 576 Te
360 510 571 594 exspectabam
594 534 621 574 e.
646 534 675 595 q.
698 534 723 576 s.

292 595 513 662 Postremum
535 595 666 661 deinde:
695 598 827 660 Uxorem
850 603 881 658 et
900 594 980 656 dotis
1001 615 1054 656 sec
1075 594 1192 658 talenta
1214 595 1354 676 spondeo

182 680 283 748 ·sddi
305 680 389 747 vult:
412 683 539 762 chiur
560 679 644 744 intus
668 681 697 744 si
717 679 795 764 quid
814 689 859 742 est
879 678 962 763 quod
981 688 1089 742 restat.
1129 703 1166 744 ω.
1187 679 1348 742 Plaudite.

292 765 354 832 Sed
377 770 414 832 ut
435 765 594 842 omittam,
623 775 747 850 quanta
768 763 899 829 libidine
921 764 1046 847 singula
1067 771 1254 828 constructa
1276 765 1353 840 sint,

207 852 288 917 baec
307 849 474 916 Bitschelii
495 849 639 934 quamvis
659 850 817 932 sagaciter
838 850 1019 945 excogitata
1042 849 1136 931 plane
1159 869 1352 934 supervaca-

208 955 270 1001 nea
290 940 398 1000 tamen
420 935 569 999 ridentur
591 933 667 998 mibi
691 956 768 999 esse.
812 933 923 1016 Neque
945 954 1028 998 enim
1051 935 1083 996 in
1111 935 1182 1016 ipsa
1207 933 1353 1018 quadam

208 1019 317 1086 fabula
338 1021 463 1085 actione
486 1019 571 1084 hunc
595 1019 731 1084 alterum
754 1021 885 1096 exitum,
909 1019 976 1082 eius
997 1019 1052 1102 qui
1074 1019 1106 1082 in
1125 1018 1280 1083 Bembino
1302 1026 1353 1082 est

209 1105 294 1184 loco,
325 1113 513 1188 usurpatum
543 1103 639 1168 luisse
665 1104 852 1189 putaverim.
898 1102 987 1181 Quod
1011 1105 1147 1166 1111111
1169 1103 1275 1166 mults
1297 1103 1350 1167 de·

209 1195 389 1256 monstrant
411 1195 443 1253 et
465 1190 676 1254 consentiunt.
723 1191 757 1254 ln
781 1194 799 1252 5
822 1188 893 1252 istis
914 1187 1087 1267 codicibus,
1124 1188 1181 1269 qui
1211 1188 1351 1252 alterum

209 1275 330 1341 exitum
346 1273 504 1346 exhibent,
527 1295 635 1338 versus
651 1276 744 1358 positi
763 1279 837 1338 sunt
858 1293 895 1336 eo
918 1293 980 1356 quo
998 1271 1141 1337 Donatus
1163 1270 1259 1336 affert
1281 1273 1353 1336 loco

209 1365 282 1444 post
302 1380 444 1425 versum:
479 1360 611 1442 Sequere
633 1359 815 1433 iacintus,
851 1378 953 1441 neque
982 1356 1047 1422 ulla
1077 1359 1181 1422 resin
1207 1356 1353 1422 versibus

213 1447 262 1510 111.
284 1449 317 1509 11
343 1449 388 1508 14.
401 1449 551 1523 ·1111111;
587 1445 721 1509 omissus
743 1449 792 1507 est
813 1463 921 1508 versus
943 1444 1104 1524 Propera,
1134 1463 1256 1505 accerse
1277 1441 1354 1505 linc

209 1529 265 1615 qui
284 1529 435 1607 auferant
450 1551 530 1593 com.
565 1527 642 1612 quid
654 1539 730 1602 1111,
756 1529 833 1612 quid
845 1528 971 1591 cessas?
993 1549 1038 1589 co.
1073 1526 1167 1591 Hunc
1182 1536 1269 1591 stare
1286 1547 1352 1591 non

210 1633 302 1713 posse
322 1619 473 1698 apparet3
510 1612 639 1678 fabulae
668 1613 752 1678 euim
782 1615 808 1678 si
839 1634 901 1677 non
931 1615 995 1676 iem
1024 1611 1096 1676 finis
1120 1613 1225 1690 fieret,
1263 1611 1354 1696 quod

209 1717 314 1764 iussus
328 1705 398 1763 erat
415 1697 536 1764 Davum
553 1700 681 1783 exsequi
698 1697 873 1782 oportebat.
921 1696 1035 1760 1111111
1060 1702 1097 1760 17
1121 1696 1263 1761 versibus
1288 1697 1355 1761 duo

210 1783 315 1849 ultimi
337 1803 447 1848 versus
473 1783 635 1848 adduntur
665 1785 720 1868 qui
748 1785 779 1847 in
811 1782 924 1847 ceteris
953 1782 1113 1846 codicibus
1141 1784 1268 1846 insunt:
1302 1784 1356 1846 Ne
1433 1817 1434 1840 1

211 1867 388 1952 exspectetis
409 1875 441 1931 et
462 1867 555 1931 Intus
576 1868 775 1949 1111191111.
821 1867 869 1932 Ex
896 1865 956 1930 hoc
983 1865 1063 1930 effici
1094 1876 1186 1951 puto,
1220 1868 1355 1933 omnino

211 1974 275 2020 non
285 1952 382 2019 luisse
397 1953 657 2036 manuscriptum,
680 1955 713 2018 in
729 1974 792 2037 quo
808 1954 894 2017 solus
910 1952 992 2015 11111
1007 1951 1112 2017 exitus
1127 1959 1218 2030 esset,
1242 1953 1355 2017 omissi
1433 1967 1434 1978 ¹

211 2043 359 2106 essentb
383 2037 431 2102 illi
454 2057 562 2101 versus
578 2037 716 2102 Memini
736 2059 762 2101 e.
786 2060 816 2121 q.
840 2058 878 2115 1.;
902 2037 957 2100 sed
979 2036 1076 2100 fuisse
1097 2037 1354 2122 manuscriptum

211 2121 383 2206 quoddam,
405 2123 438 2186 in
460 2122 550 2187 cuius
572 2123 714 2203 margine
736 2123 916 2205 adscriptus
938 2122 1021 2185 ulter
1042 2123 1147 2187 exitus
1169 2143 1188 2186 1
1210 2125 1354 2206 quodam
1433 2141 1434 2190 ἱ

211 2206 340 2273 homine
363 2228 465 2290 neque
488 2227 561 2272 vero
584 2207 622 2270 de
645 2209 757 2290 primo,
780 2214 816 2271 ut
830 2208 877 2270 111
891 2207 1043 2282 dicemus,
1067 2208 1154 2270 exitu
1174 2209 1354 2292 quidquam
1433 2219 1434 2230 ¹

211 2298 372 2357 mutatum
394 2299 478 2356 esset
499 2297 627 2375 praeter
649 2293 787 2356 deletum
807 2312 931 2356 versum
948 2291 1101 2373 Propera.
1125 2313 1257 2356 accerse.
1308 2295 1358 2359 Ex
1433 2327 1434 2336 ¹

213 2377 272 2442 boc
287 2378 505 2461 manuscripto
522 2382 539 2440 5
557 2378 635 2440 istos
650 2376 826 2460 descriptos
848 2397 916 2440 esse
939 2376 1063 2440 codices
1085 2387 1181 2460 atque
1204 2378 1252 2462 (id
1268 2381 1357 2462 quod
1433 2381 1434 2386 ’

211 2461 299 2528 haud
323 2461 539 2526 rarefactum
563 2467 625 2537 est)
647 2462 701 2545 qui
723 2463 757 2526 in
781 2461 943 2544 archetypi
967 2462 1109 2544 margine
1131 2475 1224 2526 eraut
1242 2484 1357 2530 versus
1433 2469 1434 2476 ’

213 2546 254 2611 ab
277 2546 316 2610 iis
338 2547 393 2629 qui
408 2547 486 2612 istos
507 2547 770 2631 conscripserunt,
794 2548 825 2610 in
847 2545 950 2629 ipsum
976 2555 1097 2610 textum
1112 2554 1257 2631 receptos
1272 2569 1357 2630 esss;

213 2651 275 2697 nou
290 2650 329 2695 eo
344 2630 471 2715 quidem
486 2630 565 2710 loco,
586 2652 649 2715 quo
672 2632 848 2715 oportebat,
872 2631 931 2695 hoo
953 2629 1073 2695 factum
1095 2651 1172 2708 esse,
1194 2635 1356 2719 quispiam
1433 2659 1434 2708 l

212 2714 412 2782 iudicaverit.
457 2714 519 2780 Sed
542 2736 613 2780 cum
637 2717 678 2782 ad
701 2718 801 2801 ipsam
824 2715 965 2780 fabulam
990 2736 1051 2779 non
1074 2717 1271 2801 pertinerent
1285 2741 1357 2784 ver-

213 2820 276 2878 sus,
300 2800 418 2865 nullius
437 2800 566 2866 omnino
585 2801 681 2884 pretii
702 2809 780 2878 erat,
804 2821 866 2884 qno
889 2801 958 2864 loco
981 2805 1204 2868 insererentur.
1249 2808 1357 2888 Atque

215 2884 375 2950 Donatum
396 2886 459 2949 iam
482 2886 656 2970 inspexisse
679 2886 743 2951 tale
766 2885 896 2970 aliquod
917 2888 1168 2970 manuscriptum
1191 2893 1226 2951 17
1244 2910 1357 2955 versus

214 2971 387 3046 continens,
410 2991 533 3054 exque
555 2972 610 3036 1111
632 2977 650 3036 5
674 2972 843 3055 conscripti
872 2978 961 3044 sunt,
993 2991 1148 3056 apparere
1178 2979 1266 3057 puto.
1316 2975 1356 3040 In

213 3076 253 3121 eo
281 3054 313 3120 bi
342 3075 451 3120 versus
479 3055 543 3119 iam
567 3057 599 3120 in
621 3057 731 3141 ipsum
749 3061 873 3123 textum
896 3057 1014 3138 recepti
1038 3064 1132 3120 erant
1153 3065 1226 3140 post
1248 3059 1355 3136 verba,

193 3159 298 3226 quae
319 3144 395 3205 sunt
420 3143 469 3204 Tu
486 3142 579 3205 Doce
599 3141 653 3205 abi
672 3142 815 3220 domum
847 3161 927 3224 quos
948 3161 1019 3204 cum
1042 3139 1074 3204 in
1097 3141 1169 3206 aliis
1191 3143 1356 3210 codicibus

215 3245 280 3290 non
309 3225 483 3306 inveniret,
516 3226 683 3292 adnotavit
713 3227 823 3309 negari
844 3224 986 3291 Terentii
1015 3245 1093 3291 esse.
1137 3225 1246 3309 Neque
1269 3237 1355 3294 recte

215 3309 357 3374 iudicare
378 3309 585 3376 Ritschelium
608 3317 696 3395 puto,
718 3318 858 3376 erratum
882 3311 914 3374 in
937 3309 1087 3376 lemmate
1109 3309 1227 3376 Donati
1250 3313 1356 3379 verbis

215 3395 391 3481 praemisso
420 3397 467 3459 Tu
489 3397 580 3460 Doce
600 3394 654 3458 chi
674 3397 799 3460 domum
822 3396 989 3460 dicentem.

300 3477 409 3544 Solum
432 3480 531 3564 igitur
552 3480 584 3544 iu
607 3480 694 3545 nullo
717 3480 932 3563 manuscripto
963 3477 1048 3543 bunc
1073 3479 1210 3546 alterum
1232 3482 1353 3554 exitum

216 3562 313 3629 luisse
335 3562 448 3629 deletis
470 3567 525 3663 qui
547 3585 584 3629 eo
606 3565 675 3649 ipso
697 3565 922 3648 supervacanei
944 3570 977 3628 11
997 3563 1128 3630 inutiles
1149 3564 1271 3632 fiebant
1285 3588 1353 3631 ver-

216 3646 318 3724 sibus,
356 3648 413 3712 sed
441 3670 578 3732 primum
607 3649 639 3713 in
670 3651 813 3731 margine
842 3646 1006 3714 cuiusdam
1030 3649 1147 3715 codicis
1169 3651 1352 3734 ascriptum,

217 3732 332 3799 deinde
353 3733 386 3796 iu
410 3733 514 3816 ipsum
535 3740 659 3799 textum
680 3741 758 3818 puto
781 3739 941 3819 receptum
966 3754 1050 3814 esse,
1083 3754 1276 3819 quamquam
1302 3757 1352 3801 ca-

217 3825 304 3883 reret
325 3836 428 3882 sensu.
475 3819 526 3883 Ita
547 3819 632 3885 enim
655 3838 705 3883 res
726 3824 775 3884 est
796 3824 992 3902 comparata,
1014 3825 1129 3882 utnon
1146 3821 1269 3902 possint
1290 3820 1352 3885 duo

217 3901 253 3967 hi
274 3902 380 3967 exitus
400 3901 485 3965 inter
505 3923 539 3967 se
561 3903 625 3968 ullo
647 3909 741 3988 pacto
763 3904 942 3984 conciliari,
974 3904 1028 3968 sed
1050 3903 1206 3969 alteruter
1227 3911 1350 3970 tantum
1433 3929 1434 3936 ¹

218 3986 252 4052 in
273 4006 370 4052 scena
388 3985 515 4051 recitari
536 3991 685 4082 potuerit.

306 4071 375 4136 Iam
396 4069 480 4136 unde
502 4071 627 4136 oriundi
656 4073 721 4137 sint
749 4071 783 4138 hi
812 4092 921 4138 versus
949 4090 1075 4156 quoque
1102 4076 1244 4158 tempore
1272 4081 1305 4140 et
1333 4095 1351 4140 a
