2900 4658
800 267 838 329 12

254 452 417 518 Tarutius
437 451 562 518 addidit
583 451 731 536 sadaiae’
760 472 836 515 vera
856 473 925 516 esse
948 472 1050 534 neque
1071 452 1248 536 quidquam
1272 455 1392 520 valere.

251 541 356 621 Atque
370 539 437 622 ipse
453 539 537 603 hanc
550 537 717 602 audaciam
733 536 1078 614 videturintellexisse;
1101 537 1292 608 confirmare
1304 541 1390 604 enim

249 643 320 688 eam
343 623 451 687 studet
472 623 545 688 aliis
566 622 686 686 additis
706 623 904 704 argumentis
924 643 963 686 ex
985 621 1126 686 Terentii
1154 622 1283 688 fabulas
1314 627 1390 690 scri-

247 707 344 774 bendi
367 709 492 772 ratione
513 707 696 790 desumptis
743 707 890 772 Luscium
912 706 1152 788 diligentissime
1175 707 1317 774 Graecas
1344 709 1359 772 f
1379 747 1392 758 -

247 793 332 859 falas
363 799 538 858 sedentem
567 813 629 858 non
653 790 764 856 tulisse
786 797 880 874 putet
900 799 1022 856 tantam
1046 790 1208 856 licentiam
1231 807 1390 875 quantam

248 877 369 945 additis
389 877 429 942 de
449 899 507 942 suo
529 876 654 942 duabus
674 878 819 960 personis
832 877 998 941 Terentius
1019 876 1079 940 sibi
1101 876 1285 947 indulserit:
1310 880 1392 944 veri-

248 963 350 1029 simile
380 983 449 1028 esso
476 969 590 1042 negat,
621 960 805 1026 Terentiam
827 963 860 1025 in
883 962 988 1046 prima
1008 982 1105 1045 quam
1127 963 1256 1046 scripsit
1276 962 1393 1027 fabula

247 1048 378 1130 solaque
400 1049 433 1112 in
455 1068 496 1112 ea
516 1047 556 1111 de
578 1067 635 1110 suo
656 1045 818 1110 addidisse
839 1047 922 1112 duas
943 1066 1095 1130 personas
1116 1047 1171 1129 qui
1193 1047 1227 1111 in
1254 1047 1393 1131 reliquis

247 1133 365 1198 fabulis
385 1155 484 1216 quum
505 1131 709 1197 exercitatior
730 1137 763 1196 et
783 1131 935 1196 audacior
956 1137 1040 1196 esset
1061 1152 1235 1216 numquam
1252 1133 1315 1198 hoc
1330 1133 1391 1197 sihi

247 1219 465 1303 assumpserit
510 1217 552 1282 Et
581 1223 666 1280 rectc
694 1216 734 1280 de
757 1215 818 1280 hac
839 1216 948 1282 iahula
971 1217 1023 1294 (de
1045 1217 1201 1281 Eunucho
1222 1218 1393 1283 videamus

247 1303 346 1386 inira)
368 1303 429 1368 hoc
451 1303 529 1368 mihi
550 1301 677 1366 ridetur
698 1301 864 1366 iudicasse.
909 1303 1109 1384 Quamquam
1132 1302 1216 1365 enim
1239 1303 1268 1365 ei
1291 1323 1392 1386 oppa

247 1409 320 1467 nas,
342 1410 412 1453 eam
435 1389 538 1473 ipsam
560 1385 600 1451 ob
623 1407 701 1464 rem,
723 1386 808 1471 quod
830 1387 935 1471 prima
955 1392 1026 1452 erat
1045 1385 1172 1463 fabula,
1200 1386 1391 1452 Terentium

246 1494 310 1540 non
332 1475 396 1538 iam
418 1475 566 1558 peritum,
588 1471 737 1536 Luscium
759 1471 819 1536 hoc
840 1472 900 1537 sibi
922 1473 1047 1536 crimini
1070 1493 1244 1549 versurum,
1267 1471 1309 1538 de
1333 1493 1392 1536 suo

246 1559 407 1625 addidisse
428 1577 582 1643 personas
603 1556 774 1620 verisimile
795 1577 873 1635 esse,
896 1563 1004 1621 tamen
1028 1555 1087 1621 hoc
1108 1577 1128 1621 a
1148 1556 1301 1621 Terentio
1325 1578 1391 1622 non

245 1643 366 1712 iactam
388 1663 457 1708 esse
479 1642 622 1726 sequitur
643 1660 683 1705 ex
704 1663 742 1706 eo
763 1642 848 1724 qnod
870 1663 890 1706 a
914 1641 1027 1706 Luscio
1054 1641 1095 1706 ob
1123 1640 1156 1706 id
1183 1642 1390 1706 commissum

246 1749 419 1878 nequaqum&
443 1735 555 1826 postea
572 1726 923 1876 litimiafturiqneque
953 1727 1038 1792 enim
1067 1725 1242 1790 eiusmodi
1265 1727 1391 1792 crimen

246 1835 267 1878 a
314 1834 387 1879 eren
418 1834 491 1878 orn
514 1833 572 1896 pro
586 1831 653 1894 ogre
697 1833 767 1877 eeu
792 1833 867 1876 rur.

330 1898 393 1965 Sed
420 1897 547 1963 etiamsi
576 1917 596 1960 a
625 1903 732 1961 vetere
762 1897 933 1962 scholiasta
962 1897 1083 1981 scripta
1111 1916 1179 1960 esse
1207 1895 1287 1960 haec
1310 1897 1391 1961 ‘llas

245 1976 398 2072 personat
420 1982 586 2048 Terentius
609 1981 660 2045 ss.'
681 1982 846 2050 concedas.
866 1982 901 2047 id
924 1989 1031 2047 tamen
1054 2002 1093 2046 ea
1115 1981 1221 2045 valere
1243 1987 1325 2063 puto
1353 1991 1392 2046 ut
1442 1983 1443 1994 ’

245 2070 288 2134 sit
309 2071 383 2134 Har
400 2089 554 2152 pesonae
575 2089 613 2130 ec
636 2067 800 2131 Perinthia
824 2067 985 2132 Terentius
1007 2066 1131 2130 addidit
1153 2065 1294 2139 schalae.
1344 2068 1392 2132 dc

267 2154 382 2219 rimum
405 2153 535 2238 qnidam
559 2150 707 2215 ‘tabulae’
729 2153 789 2218 hoc
817 2153 885 2217 loco
912 2173 977 2217 non
1007 2152 1048 2216 ad
1069 2151 1227 2228 Terentii,
1260 2151 1317 2216 sed
1347 2153 1391 2218 ad
1442 2149 1443 2210 i

279 2239 414 2304 euandri
433 2237 584 2303 Andriam
600 2237 760 2320 pertinere
774 2238 968 2321 putaverim:
990 2242 1087 2318 atque
1103 2237 1214 2300 eodem
1235 2237 1305 2300 iure
1329 2238 1392 2302 hoc

244 2324 313 2390 lieri
335 2323 429 2389 licere
451 2323 576 2388 videtur
598 2342 661 2404 quo
684 2322 865 2405 fragmenta
880 2322 947 2388 solo
964 2321 1130 2386 Menandri
1146 2322 1272 2386 nomine
1287 2320 1393 2386 allata

244 2410 286 2475 ad
300 2408 452 2474 Andriam
469 2407 636 2472 Menandri
659 2409 830 2492 pertinent.
874 2411 979 2492 Atque
1002 2407 1079 2490 quid
1101 2405 1160 2505 sibi
1184 2406 1284 2505 velint
1304 2428 1392 2490 quae

244 2491 1178 2662 tilltltdlt'tdtttlltttd‘tttttall
1197 2495 1392 2642 tillia

246 2663 325 2730 Onm
361 2683 422 2727 non
455 2663 533 2746 ipsis
563 2660 667 2727 verbis
695 2662 836 2728 addatur
864 2683 919 2726 eas
947 2682 987 2727 ne
1014 2661 1047 2726 in
1070 2659 1234 2726 Perinthia
1256 2660 1390 2744 quidem

244 2767 313 2814 esse
330 2754 354 2829 ¹)
385 2747 481 2812 licere
502 2747 616 2832 opinor
636 2746 685 2809 ita
706 2747 875 2831 explicari,
912 2751 950 2810 ut
978 2767 1017 2810 ex
1041 2746 1204 2810 Perinthia
1226 2746 1391 2812 addidisse

243 2833 425 2900 Terentium
449 2835 607 2917 putemus.
652 2832 719 2896 lam
743 2832 770 2896 si
792 2832 825 2897 id
854 2831 960 2896 valere
989 2831 1067 2895 velis
1097 2831 1175 2895 liaeo
1204 2831 1314 2910 verba,
1349 2833 1390 2897 de

244 2939 302 2984 sua
330 2915 492 2984 addidisse
514 2915 698 2982 Terentium
730 2938 892 3001 personas,
921 2917 982 2982 hoc
1015 2917 1062 2980 ‘de
1093 2915 1157 2979 eao’
1179 2915 1389 2982 scholiastam

244 3003 427 3070 additurum
462 3001 559 3066 luisse
591 3008 625 3066 et
657 3008 743 3066 certe
779 3001 962 3068 addendum
1000 3002 1029 3066 ei
1062 3001 1159 3066 inisse
1195 3002 1389 3085 putaverim.

243 3088 371 3156 Scholia
394 3087 531 3169 denique
552 3086 594 3150 ad
617 3086 655 3164 V,
679 3090 708 3165 6,
734 3091 771 3150 13
794 3088 905 3152 insunt
927 3086 1024 3152 haec:
1063 3085 1144 3155 Quia
1177 3095 1207 3147 et
1237 3087 1390 3150 audacter

244 3183 274 3238 et
294 3171 462 3254 artificiose
484 3169 571 3233 binos
590 3192 713 3235 amores
735 3171 868 3236 duorum
891 3170 1130 3235 adolescentium
1152 3178 1182 3233 et
1202 3168 1293 3234 dinae
1308 3193 1389 3253 nup·

245 3259 306 3323 tias
327 3259 362 3322 in
384 3278 448 3322 una
469 3254 585 3334 fadaia
606 3254 805 3320 machinatae
827 3265 887 3331 cst,
920 3266 949 3318 et
977 3255 1013 3318 id
1041 3263 1130 3320 entra
1156 3256 1388 3339 praescriptum

243 3341 420 3408 Menandri
449 3340 537 3405 cuiue
567 3341 757 3405 comoediam
786 3340 997 3420 transferebat
1026 3362 1067 3404 aa.
1121 3339 1212 3418 Quod
1241 3339 1386 3406 scholion

244 3446 438 3509 quamquam
461 3446 526 3490 non
549 3424 619 3490 sine
640 3426 764 3491 mendis
787 3426 941 3492 traditum
965 3430 1030 3504 est,
1060 3425 1093 3490 id
1116 3430 1223 3490 tamen
1246 3425 1297 3489 his
1318 3446 1385 3490 ver-

243 3509 293 3575 bis
307 3510 450 3594 intellegi
466 3515 609 3594 apparet,
634 3514 670 3573 ut
690 3510 750 3588 sit,
773 3511 866 3576 binas
888 3510 1016 3596 nuptias
1038 3529 1110 3574 eum
1134 3509 1165 3572 in
1188 3530 1253 3574 uua
1275 3509 1386 3574 fabula

244 3593 438 3672 machinari,
470 3613 574 3678 neque
603 3593 686 3659 hanc
716 3594 877 3681 duplicem
906 3593 1064 3661 actionem
1095 3598 1196 3659 totam
1226 3595 1260 3658 in
1289 3615 1384 3659 scena

244 3679 362 3764 egisse,
395 3678 450 3744 sed
480 3676 570 3743 aliud
600 3679 632 3742 in
663 3680 829 3762 proscenio
857 3678 944 3744 aliud
972 3688 1045 3762 post
1066 3699 1194 3744 scenam
1217 3677 1382 3756 retulisse;

243 3763 355 3832 iecisse
383 3760 444 3828 hoc
471 3769 564 3829 extra
592 3765 824 3850 praescriptum
846 3764 1031 3842 Menandri,
1067 3764 1157 3828 cuius
1186 3763 1382 3830 comoediam

243 3847 466 3916 transferebat.
512 3847 692 3914 Excusatur
714 3848 828 3915 deiude
850 3847 936 3932 quod
958 3848 1095 3913 mutavit
1109 3847 1318 3914 Menandrum
1341 3850 1383 3914 ab

316 4051 337 4121 ¹)
373 4047 446 4121 quod
464 4047 620 4104 addendum
639 4047 730 4102 iuerat
746 4047 774 4102 in
793 4050 872 4102 tenta
890 4064 933 4114 re;
957 4047 1049 4117 agitur
1066 4045 1139 4100 enim
1156 4049 1249 4100 utrum
1266 4048 1326 4118 ipse
1344 4049 1381 4104 le·

245 4121 316 4180 serit
333 4122 495 4192 argumenta
512 4117 658 4174 Terentiae
677 4133 712 4171 an
731 4134 764 4172 cx
782 4117 893 4192 Graecis
911 4116 1084 4172 hanstalerit
1100 4119 1216 4172 Mutum.
1264 4137 1267 4146 ·
