2900 4658
650 247 689 308 13

96 431 208 494 eodem
226 430 397 496 scholiasta
411 431 466 513 qni
481 451 520 494 ea
535 450 617 513 quae
639 450 736 513 supra
757 429 1072 494 commemoravimus
1095 435 1145 493 ‘ne
1163 449 1241 513 τρα-

97 511 273 600 γικώτερον
295 515 393 580 fieret’
417 517 613 598 conscripsit.
658 515 865 579 Circumcidit
893 515 992 596 igitur
1018 521 1051 578 et
1079 513 1241 578 contraxit

98 601 180 664 dnos
208 621 332 664 amores
363 601 416 684 qui
447 600 568 664 ultimis
591 599 805 664 Menandreae
829 599 954 663 tabulae
977 601 1080 662 scenis
1102 598 1240 682 ageban-

98 695 162 761 tur,
186 705 225 749 ne
239 685 322 749 iusto
339 684 463 765 longior
480 684 571 747 fieret
585 685 697 749 fabula
713 685 760 748 vel
784 687 816 748 in
840 684 973 748 eandem
996 684 1097 765 (legas
1111 683 1238 766 eadem)

96 777 228 853 propter
250 791 353 834 rerum
377 770 617 834 similitudinem
639 777 826 851 cogerentur
848 768 964 853 (addas
981 769 1135 852 nuptiae).
1181 768 1240 834 Fe·
1352 801 1356 808 ·

98 856 179 918 cisse
209 875 279 918 eum
311 855 369 919 hoc
399 855 462 918 iam
486 862 581 918 antea
602 853 742 918 afferunt
765 853 885 918 scholia
907 854 1019 918 addita
1040 853 1080 917 ad
1105 854 1142 932 V,
1165 858 1182 918 5
1206 857 1240 917 et

98 940 137 1015 V,
161 943 189 1016 6,
212 943 232 1002 8
254 947 287 1002 et
309 941 345 1019 V,
367 944 396 1016 6,
421 945 467 1002 ll.
512 939 666 1003 Timuisse
688 940 771 1002 enim
795 939 921 1002 videtur
944 959 982 1000 ne
1005 938 1111 1002 taedio
1134 943 1240 1002 essent

97 1025 317 1108 spectantibus
339 1025 434 1087 nimis
456 1025 570 1105 longae
592 1024 819 1088 collocutiones
840 1023 1021 1106 similesque
1042 1024 1194 1088 actiones.

171 1109 257 1172 Drios
267 1109 365 1192 igitur
376 1129 455 1192 qnos
467 1111 607 1172 Donatus
618 1109 752 1172 adnotat
762 1128 886 1171 amores
895 1107 1025 1172 Charini
1038 1117 1070 1172 et
1080 1107 1239 1191 Pamphili

99 1193 277 1257 Menander
298 1196 330 1258 in
347 1193 510 1257 Perinthia
533 1215 632 1276 usque
656 1195 696 1257 ad
719 1191 813 1256 finem
837 1193 966 1256 duxisse
988 1193 1137 1276 ipsasque
1159 1214 1239 1276 nup·

97 1280 161 1342 tias
183 1281 216 1342 in
240 1300 334 1342 scena
356 1278 501 1346 retulisse
516 1279 679 1361 putandus
695 1286 756 1353 est;
779 1277 947 1341 Terentius
969 1283 1005 1340 ut
1028 1278 1169 1341 taedium
1193 1279 1240 1342 vi-

97 1368 184 1427 taret
205 1365 341 1427 alterum
365 1363 514 1444 neglexit.
566 1363 614 1426 Ad
643 1384 739 1446 quam
768 1365 958 1426 sententiam
989 1361 1239 1426 confirmandam

96 1452 258 1532 pertinere
280 1457 357 1532 puto
380 1447 516 1512 alterum
540 1449 628 1512 illum
653 1451 707 1531 qni
729 1449 846 1511 dicitur
868 1449 998 1512 exitum.
1044 1447 1142 1512 Cuius
1157 1467 1240 1530 quae

96 1535 141 1596 sit
161 1533 244 1597 ratio
267 1534 377 1616 paucis
399 1535 462 1596 iam
485 1534 656 1597 videamus.
687 1533 821 1615 Scripsit
835 1532 874 1596 de
890 1554 929 1597 ea
944 1532 1236 1614 quaestioneGrau·

96 1626 195 1694 crtus,
218 1618 375 1699 Guyetum
399 1624 541 1699 secutus,
562 1633 658 1702 atque
682 1637 790 1682 versus
812 1638 891 1700 quos
913 1639 1007 1682 sensu
1030 1638 1138 1682 carere
1161 1617 1240 1682 dicit

96 1704 244 1768 correxit.

185 1787 320 1852 Additus
343 1794 391 1852 est
413 1787 465 1851 hic
486 1787 569 1853 alter
591 1788 646 1870 qui
670 1787 787 1851 dicitnr
803 1789 907 1850 exitus
922 1787 953 1850 in
970 1788 1132 1852 codicibus
1147 1787 1240 1870 qnin-

97 1893 160 1955 que
182 1873 407 1945 deterioribus,
436 1872 475 1936 de
498 1874 613 1956 quibus
635 1872 906 1956 Umpfenbachius
927 1872 1068 1937 Terentii
1090 1871 1240 1938 editionis

96 1958 215 2040 pagina
231 1963 282 2022 84.
297 1959 372 2040 agit.
409 1957 590 2022 lectionem
606 1979 685 2034 eam,
709 1978 804 2038 qnam
823 1955 997 2021 Altorfinus
1012 1963 1113 2037 (nuno
1125 1957 1239 2021 Erlan·

97 2044 217 2126 gensis)
241 2043 377 2118 exbibet,
402 2042 612 2107 Doederlinus
627 2039 846 2106 excudendam
861 2045 986 2106 curavit
1001 2050 1098 2126 atque
1113 2049 1238 2127 partem

97 2149 245 2192 versuum
263 2128 453 2203 emendavit,
475 2127 607 2192 alteram
627 2137 750 2210 partem
773 2147 793 2190 a
814 2135 916 2191 metro
938 2134 971 2191 et
992 2127 1160 2192 sententiis
1181 2127 1239 2191 mi-

97 2234 168 2276 sere
190 2212 386 2276 laborantem
409 2211 547 2276 fideliter
569 2212 770 2295 descripsisse
794 2214 871 2276 satis
886 2224 975 2276 ratus
990 2217 1025 2293 ι).
1066 2210 1240 2276 Adnotavit

97 2319 200 2381 pauca
222 2299 286 2360 iam
303 2297 444 2380 Guyetns
466 2299 498 2361 in
523 2298 660 2362 editione
677 2297 841 2374 Boecleri}
859 2298 986 2380 scripsit
1008 2299 1047 2362 de
1069 2297 1129 2362 hoc
1149 2296 1238 2361 exitu

99 2383 123 2446 P
124 2405 150 2446 r.
169 2382 359 2446 Ritschelins
382 2384 413 2445 in
430 2382 575 2464 Parergis
589 2383 747 2446 Plautinis
767 2382 1040 2466 Terentianisque.
1085 2383 1122 2446 In
1146 2381 1239 2444 Bem-

96 2469 173 2532 bino
194 2468 295 2548 iisque
318 2467 478 2531 codicibus
495 2466 643 2552 Callicpii
665 2469 880 2531 recensionem
903 2467 1135 2544 exhibentibus,
1158 2485 1238 2549 quos
1339 2511 1343 2518 -

96 2565 225 2617 secutus
250 2551 517 2635 Umpfenbachius
539 2553 677 2617 Terentii
702 2551 825 2616 fabulas
855 2552 970 2633 edidit,
1003 2553 1035 2619 bi
1064 2571 1173 2616 versus
1199 2554 1236 2614 l'l

97 2659 162 2702 non
183 2638 406 2714 inveniuntur3
436 2638 466 2701 in
492 2639 644 2702 Bembinc
666 2637 818 2719 scriptum
841 2643 904 2702 est:
927 2661 953 2700 ω
974 2637 1128 2700 Plaudite.
1179 2637 1237 2698 Te·

95 2721 181 2786 renti
198 2722 325 2786 Andria
342 2722 461 2801 finibb·
490 2723 522 2787 in
545 2724 659 2788 ceteris
682 2722 842 2786 codicibus
865 2723 982 2786 similia
1003 2727 1094 2799 sunt,
1126 2719 1238 2784 addita

97 2810 130 2871 in
144 2807 326 2891 Victoriano
350 2808 445 2872 verba
467 2807 650 2890 ·Oalli0pius
672 2806 834 2872 recensui’.
878 2807 1025 2890 Quinque
1047 2807 1095 2872 illi
1120 2806 1152 2870 in
1168 2805 1238 2887 qui·

97 2894 156 2956 bus
179 2891 260 2956 alter
283 2895 387 2957 exitus
410 2894 606 2976 conscriptus
622 2898 680 2968 est,
702 2892 856 2972 siquidem
867 2891 1137 2975 Umpfenbachius
1152 2895 1238 2955 recte

96 2984 221 3042 textum
243 2977 384 3041 reddidit
402 2979 437 3041 in
459 2977 598 3042 editione
621 2997 695 3055 sua,
728 2977 853 3041 eosdem
882 2977 1157 3061 quosBembinus
1184 2995 1239 3039 ex-

95 3063 209 3128 hibent
229 3082 354 3126 versus:

97 3232 118 3296 d
184 3147 220 3224 V,
235 3151 263 3223 6,
278 3152 315 3210 13
332 3146 462 3212 Memini
477 3151 574 3230 atque
589 3146 669 3212 adeo
685 3145 846 3228 longumst
867 3147 955 3211 illum
978 3167 1029 3211 me
1052 3150 1237 3230 exspectare

120 3253 173 3296 um
196 3239 298 3296 exeat.

186 3318 225 3380 14
247 3337 378 3400 sequere
402 3315 461 3380 hac
483 3316 579 3380 intus.
601 3314 686 3398 apud
710 3314 889 3397 Glycerium
912 3336 997 3380 nunc
1019 3322 1076 3379 est.

183 3401 289 3466 Verba
316 3421 398 3484 quae
425 3405 515 3464 sunt:
554 3403 601 3463 Tu
624 3402 713 3463 Dave
735 3400 788 3463 abi
808 3401 933 3464 domam
957 3421 1033 3464 num
1061 3397 1238 3483 praebeant

97 3487 177 3550 satis
198 3484 342 3568 intellegi
364 3506 426 3549 non
449 3491 554 3568 potest
581 3506 621 3549 ex
643 3485 886 3568 Umpfenbachii
915 3485 1089 3568 scriptura,
1118 3482 1235 3548 verba:

97 3571 163 3636 Sed
183 3593 285 3634 ccccmo
307 3570 369 3632 ecit
389 3570 481 3648 sorae
503 3570 543 3633 de
566 3591 622 3634 suo
638 3569 799 3634 addidisse
816 3570 941 3635 videtur
955 3567 1235 3654 Umpfenbachius.

80 3655 208 3737 'Neque
238 3654 446 3719 Doederlinus
476 3675 578 3736 neque
607 3654 748 3736 Guyetus
778 3660 1045 3731 commemorant,
1079 3651 1236 3736 quomodo

98 3761 207 3804 sersus
228 3741 283 3824 qui
305 3740 498 3803 antecedunt
518 3741 552 3803 in
574 3739 800 3822 manuscriptis
819 3740 875 3819 iis,
907 3759 989 3822 quae
1011 3738 1147 3804 alterum
1169 3738 1237 3800 exi-

97 3833 165 3889 tum
188 3825 350 3908 praebent,
372 3824 481 3907 scripti
504 3824 577 3888 sint.

184 3909 307 3974 Omisso
329 3908 445 3972 deinde
468 3928 558 3972 versu
584 3914 651 3974 15.:

171 4101 193 4168 Ι)
229 4099 374 4153 lectionem
392 4100 530 4154 variarum
548 4098 623 4151 trias.
658 4097 770 4166 Erlang.
793 4097 868 4150 1839.
