2900 4658
790 285 832 348 38

326 471 428 540 Actus
449 470 553 553 quinti
574 469 696 556 priores
716 491 772 537 sex
793 490 903 535 scenae
927 491 965 535 ex
982 468 1137 536 Eunucho
1153 476 1303 553 sumptas
1317 493 1382 536 esee

242 563 387 642 apparet.
431 555 551 635 Quibus
572 555 675 620 scenis
697 555 739 622 ad
761 575 832 621 eum
855 557 950 621 finem
972 553 1160 640 perducitur
1185 555 1316 628 fabula.
1349 565 1382 620 ut

242 641 367 728 paucis,
401 661 483 724 qnae
505 641 542 717 V,
565 645 584 705 8
607 640 777 707 adnuntiat
800 641 957 716 Chaerea,
988 659 1100 704 scenae
1129 649 1241 706 sextae
1265 642 1382 708 additis

242 725 389 794 concludi
410 725 517 810 possit.
562 729 704 810 Apparet
724 747 834 791 scenas
859 731 889 791 7.
912 731 945 790 et
967 729 996 790 8.
1024 725 1151 790 additas
1180 745 1250 790 esse
1282 747 1303 790 a
1327 727 1380 790 Te-

242 811 354 890 rentio,
377 817 413 876 ut
433 811 609 895 parasitum
632 811 828 895 militemque
849 812 964 876 iterum
986 811 1020 874 in
1042 831 1170 874 scenam
1190 811 1381 894 produceret

242 896 475 979 Thrasonisque
496 895 580 962 illusi
603 897 773 962 stultitiam
795 897 1031 980 vanitatemque
1046 895 1240 962 ostenderet.
1271 897 1380 981 Neque

243 1003 316 1050 vero
338 981 445 1046 omnia
466 1002 529 1046 uno
550 981 723 1066 eodemque
746 987 842 1066 atque
865 982 949 1065 apud
975 980 1185 1046 Menandrum
1208 981 1308 1046 modo
1332 983 1380 1065 agi

264 1073 330 1133 uto.

242 1090 263 1154 p
326 1151 387 1217 Sed
410 1157 580 1235 antequam
604 1151 643 1216 de
666 1152 726 1216 hac
747 1173 781 1216 re
803 1151 916 1226 dicam,
938 1169 1042 1235 pauca
1057 1150 1096 1214 de
1116 1150 1314 1216 scholiastae
1336 1174 1379 1217 er·
1424 1165 1425 1170 ’

241 1257 313 1302 rore
336 1235 449 1302 afferre
472 1237 576 1302 liceat.
622 1237 667 1300 Ad
692 1238 727 1315 V,
753 1241 782 1316 2,
806 1241 846 1300 66
870 1237 1019 1300 adnotat:
1058 1237 1132 1300 Noa
1160 1245 1206 1299 cet
1235 1239 1378 1301 additam

242 1321 329 1388 aceiae
341 1323 464 1407 frater,
489 1330 592 1405 utpote
611 1323 645 1385 in
666 1343 701 1385 re
722 1321 903 1400 manifesta.
952 1321 999 1385 Ex
1020 1320 1060 1385 iis
1083 1341 1164 1404 quae
1187 1323 1228 1386 ad
1246 1323 1284 1395 V,
1300 1327 1329 1396 2,
1342 1328 1378 1387 69

241 1407 452 1473 adnotantur:
477 1407 688 1484 Manifestum
710 1417 772 1484 eet,
797 1427 853 1470 car
874 1406 1021 1470 meretrix
1043 1406 1133 1468 doctu
1154 1406 1379 1489 capiendorum

240 1493 383 1558 iuuenum
402 1492 529 1576 praeire
549 1493 621 1556 uelit
634 1493 803 1556 Chaeream
827 1501 856 1555 et
876 1492 909 1554 in
930 1491 1138 1576 consequendo
1159 1491 1229 1574 epea
1251 1492 1295 1556 eit
1319 1503 1379 1556 tar-

240 1577 321 1642 dior.
376 1578 451 1641 Vult
479 1577 561 1641 enim
590 1577 720 1641 liberam
749 1577 816 1642 eine
836 1575 964 1642 arbitrie
986 1598 1055 1640 aum
1075 1575 1181 1658 puella
1202 1598 1266 1640 ecee
1288 1578 1378 1642 celio-

240 1664 325 1750 qe'am
347 1671 376 1726 et
397 1661 514 1726 licitam
536 1683 684 1732 emerere.
731 1662 807 1726 Nisi
823 1663 909 1744 sorte
927 1670 1075 1744 patamae
1102 1662 1279 1726 Terentium
1305 1663 1380 1726 haee

240 1748 307 1814 eine
329 1769 423 1813 cauea
443 1747 566 1828 facisne,
591 1748 646 1832 qui
667 1747 708 1810 ait
729 1746 1003 1830 artificiosissimus
1021 1755 1123 1830 poeta.
1172 1747 1259 1810 Nam
1281 1771 1380 1832 neque

242 1835 311 1916 ipea
343 1832 518 1916 improditar
549 1855 617 1896 eam
653 1833 791 1896 Chaerea
820 1855 916 1917 aeque
947 1831 1071 1915 inpredi
1101 1830 1197 1895 simul
1223 1834 1380 1914 permittit

242 1917 445 1984 Phaedriam.
473 1918 661 1984 Phaedriam
674 1918 833 1983 Chaereae
844 1918 974 1981 fratrem
991 1939 1020 1981 v.
1030 1921 1079 1980 66.
1097 1915 1138 1980 ah
1153 1937 1190 1981 eo
1205 1917 1378 2000 significari

240 2009 384 2089 apparet.
428 2003 488 2069 Sed
511 2003 589 2087 quid
612 2002 670 2070 sibi
693 2002 771 2068 velit
791 2002 850 2068 hoc
865 2003 933 2066 loco
949 2000 1108 2067 Phaedria
1122 2001 1305 2081 adveniens,
1329 2004 1378 2067 cui
1426 2069 1427 2072 ,

239 2090 273 2154 in
295 2109 389 2154 scena
411 2088 492 2154 nihil
513 2088 671 2170 agendum
693 2089 744 2168 sit,
766 2109 828 2152 non
844 2089 923 2152 satis
936 2086 1140 2170 intellegitur.
1176 2088 1376 2171 Quamquam

240 2174 384 2239 Donatus
405 2173 559 2259 explicat,
582 2195 646 2257 qua
668 2172 708 2236 de
730 2193 826 2238 causa
847 2172 943 2238 Thais
966 2172 1226 2256 appropinquare
1244 2173 1376 2238 tratrem

239 2258 416 2339 renuntiet;
439 2279 477 2324 ea
493 2259 575 2323 enim
587 2280 628 2323 re
644 2259 760 2322 moveri
778 2258 953 2323 Chaeream
975 2266 1012 2322 ut
1027 2257 1153 2321 domum
1170 2258 1270 2322 intret
1286 2258 1376 2322 Pam·

237 2343 420 2431 philamquc
441 2343 613 2409 conveniat.
660 2347 700 2407 at
723 2363 784 2407 non
810 2343 918 2427 prodit
939 2343 1097 2406 Phaedria
1119 2343 1210 2425 quasi
1238 2343 1375 2408 advoca-

238 2441 304 2509 tus;
339 2449 441 2513 neque
464 2429 601 2494 Terentii
623 2434 672 2493 est
693 2428 740 2493 ita
759 2434 885 2493 tantum
907 2448 1060 2511 personas
1089 2427 1248 2492 nominari
1277 2433 1314 2494 ut
1342 2435 1374 2494 iu

238 2534 366 2580 scenam
395 2535 456 2578 non
487 2513 652 2597 prodeant.
709 2513 839 2578 Accedit
870 2513 955 2597 quod
984 2513 1070 2576 domi
1099 2533 1175 2577 suae
1203 2533 1277 2578 eum
1306 2535 1374 2578 esse

239 2601 437 2666 demonstrat
451 2600 606 2664 Parmeno
627 2598 725 2663 ciram
748 2599 872 2662 domam
895 2597 1077 2662 exclamans
1100 2597 1176 2674 V‚7‚
1191 2601 1238 2662 12.
1276 2597 1374 2662 Phae·

239 2687 310 2752 dria
331 2683 442 2768 igitur,
473 2690 641 2767 postquam
665 2685 718 2757 lv,
741 2690 770 2763 4,
793 2689 833 2748 49
863 2683 991 2747 domum
1019 2702 1090 2747 cum
1118 2682 1205 2747 Davo
1232 2683 1373 2761 intravit,

239 2792 304 2837 nou
325 2770 438 2835 exiisse
460 2770 492 2834 iu
516 2789 640 2834 scenam
664 2768 826 2853 putandus
848 2774 905 2845 est,
928 2775 1099 2850 antequam
1116 2768 1152 2842 V,
1169 2772 1192 2832 8
1210 2787 1230 2830 a
1248 2768 1374 2833 Parme-

239 2875 321 2922 none
343 2859 564 2920 arcesseretur.
609 2854 680 2919 Non
703 2853 913 2920 dubitandum
937 2852 1034 2935 igitur
1056 2858 1149 2935 puto,
1179 2854 1256 2935 quin
1278 2853 1374 2918 Thais

238 2940 405 3020 hocloco,
429 2940 559 3005 fratrem
583 2959 654 3005 cum
678 2939 777 3016 dicat,
806 2937 963 3022 significet
985 2938 1183 3003 Chremetem
1206 2937 1374 3003 advenien-

238 3033 319 3105 tem,
350 3024 493 3092 Chaerea
515 3024 615 3090 oculis
636 3026 677 3090 ad
700 3025 921 3089 advenientem
944 3043 1007 3088 non
1030 3024 1189 3089 conversis
1209 3023 1375 3106 intellegat

238 3110 439 3178 Phaedriam.
483 3110 551 3176 Hoc
574 3131 644 3176 cum
674 3110 846 3174 scholiasta
876 3108 1006 3191 quidam
1037 3109 1141 3172 minus
1169 3111 1373 3192 perspexerit,

239 3200 335 3264 etiam
357 3195 509 3261 Thaidem
534 3195 724 3261 Phaedriam
746 3193 925 3277 significare
948 3201 1037 3258 ratus
1066 3193 1247 3258 adnotavit:
1280 3217 1375 3279 aeque

238 3283 251 3345 i
272 3305 307 3346 ea
322 3303 348 3345 e.
362 3304 391 3366 q.
410 3303 434 3344 e.
482 3282 570 3360 Quae
591 3301 662 3345 cum
685 3281 732 3344 ita
754 3280 819 3345 sint
842 3278 921 3344 haec
942 3279 1038 3343 verba
1061 3277 1152 3343 nihili
1175 3279 1374 3344 aestimanda

278 3367 435 3450 lendaque
458 3373 544 3452 puto.

324 3453 386 3517 Sed
408 3452 483 3536 quid
507 3456 556 3516 est
577 3468 690 3514 caueae
712 3450 797 3532 quod
819 3448 915 3512 Thais
938 3449 1064 3514 domum
1085 3450 1184 3514 intret
1198 3469 1302 3532 neque
1318 3471 1373 3514 nu·

238 3536 350 3602 tricem
375 3539 407 3600 in
430 3556 525 3602 scena
546 3539 723 3618 exspectet,
756 3540 788 3597 et
817 3554 912 3616 quam
935 3535 1058 3598 ratione
1080 3532 1234 3618 probabili
1258 3533 1373 3600 adduci

239 3627 331 3708 putes
354 3621 547 3697 Chaeream,
581 3627 617 3683 ut
644 3617 832 3682 Phaedriam
863 3616 993 3682 fratrem
1026 3619 1176 3684 advenire
1205 3619 1372 3697 existimet,

240 3727 357 3793 quuum
388 3727 414 3769 r.
438 3711 489 3771 52.
512 3705 590 3770 eatis
618 3704 783 3790 perspicue
810 3701 1008 3768 Chremetem
1039 3703 1249 3768 adventurum
1278 3703 1373 3770 Thais

241 3791 443 3858 nuntiaverit.
490 3791 620 3874 lamque
642 3789 723 3868 vide,
746 3809 841 3873 quam
865 3809 928 3854 non
950 3789 1141 3854 cohaereant
1162 3808 1242 3869 quae
1262 3809 1371 3856 scenae

240 3880 354 3945 tertiae
376 3875 484 3940 insunt
505 3876 603 3940 rerba
626 3883 724 3939 ‘move
747 3882 779 3939 te
801 3895 856 3938 oro
879 3895 905 3940 e.
928 3896 956 3958 q.
978 3895 1002 3938 s.
1025 3894 1124 3957 usque
1147 3872 1187 3936 ad
1211 3881 1371 3958 exspectat

242 3962 336 4029 dorni’
359 3966 401 4040 (v.
424 3961 523 4043 2-8)
545 3981 647 4045 neque
669 3980 739 4023 cum
762 3960 801 4024 iis
828 3979 909 4043 quae
939 3959 1131 4024 antecedunt
1160 3978 1261 4041 neque
1292 3980 1370 4043 quae

241 4054 417 4132 sequnntur
437 4043 569 4127 Pythiae
591 4045 704 4110 verbis.
747 4044 784 4110 ld
807 4043 942 4128 denique
964 4063 1092 4122 moneo,
1122 4063 1217 4126 quam
1241 4043 1369 4108 ridicule

242 4133 392 4200 Chremes
407 4129 604 4215 Sophronam
623 4149 679 4212 per
701 4149 825 4193 scenam
850 4135 925 4212 agat
946 4148 1104 4212 quamque
1125 4127 1231 4211 inepte
1253 4128 1368 4194 dictum
