<?xml version="1.0" encoding="UTF-8"?>
<!DOCTYPE html PUBLIC "-//W3C//DTD XHTML 1.0 Transitional//EN"
    "http://www.w3.org/TR/xhtml1/DTD/xhtml1-transitional.dtd">
<html xmlns="http://www.w3.org/1999/xhtml" xml:lang="en" lang="en">
 <head>
  <title>
</title>
<meta http-equiv="Content-Type" content="text/html;charset=utf-8" />
  <meta name='ocr-system' content='tesseract 3.04.00' />
  <meta name='ocr-capabilities' content='ocr_page ocr_carea ocr_par ocr_line ocrx_word'/>
</head>
<body>
  <div class='ocr_page' id='page_1' title='image "./quaestionestere00braugoog_0016.png"; bbox 0 0 2900 4658; ppageno 0'>
   <div class='ocr_carea' id='block_1_1' title="bbox 668 261 686 323">
    <p class='ocr_par' dir='ltr' id='par_1_1' title="bbox 668 261 686 323">
     <span class='ocr_line' id='line_1_1' title="bbox 668 261 686 323; baseline 0 0"><span class='ocrx_word' id='word_1_1' title='bbox 668 261 686 323; x_wconf 90' lang='grc'>9</span> 
     </span>
    </p>
   </div>
   <div class='ocr_carea' id='block_1_2' title="bbox 105 443 1339 530">
    <p class='ocr_par' dir='ltr' id='par_1_2' title="bbox 105 443 1339 530">
     <span class='ocr_line' id='line_1_2' title="bbox 105 443 1339 530; baseline -0.005 -16"><span class='ocrx_word' id='word_1_2' title='bbox 105 448 152 514; x_wconf 92' lang='lat' dir='ltr'>nil</span> <span class='ocrx_word' id='word_1_3' title='bbox 174 468 270 528; x_wconf 86' lang='lat' dir='ltr'>agens</span> <span class='ocrx_word' id='word_1_4' title='bbox 292 446 346 511; x_wconf 89' lang='lat' dir='ltr'>sed</span> <span class='ocrx_word' id='word_1_5' title='bbox 369 444 520 530; x_wconf 90' lang='lat' dir='ltr'>populum</span> <span class='ocrx_word' id='word_1_6' title='bbox 544 449 668 510; x_wconf 87' lang='lat' dir='ltr'>tanturn</span> <span class='ocrx_word' id='word_1_7' title='bbox 693 444 851 512; x_wconf 89' lang='lat' dir='ltr'>allocutus</span> <span class='ocrx_word' id='word_1_8' title='bbox 873 444 1047 509; x_wconf 80' lang='lat' dir='ltr'><strong>denunciat</strong></span> <span class='ocrx_word' id='word_1_9' title='bbox 1062 443 1192 510; x_wconf 89' lang='lat' dir='ltr'>missum</span> <span class='ocrx_word' id='word_1_10' title='bbox 1212 463 1245 508; x_wconf 88' lang='lat' dir='ltr'>sa</span> <span class='ocrx_word' id='word_1_11' title='bbox 1337 489 1339 496; x_wconf 87' lang='lat'>-</span> 
     </span>
    </p>
   </div>
   <div class='ocr_carea' id='block_1_3' title="bbox 104 528 1253 4180">
    <p class='ocr_par' dir='ltr' id='par_1_3' title="bbox 104 528 1250 2143">
     <span class='ocr_line' id='line_1_3' title="bbox 105 528 1245 618; baseline -0.002 -22"><span class='ocrx_word' id='word_1_12' title='bbox 105 533 163 618; x_wconf 91' lang='lat' dir='ltr'>qui</span> <span class='ocrx_word' id='word_1_13' title='bbox 184 531 385 616; x_wconf 90' lang='lat' dir='ltr'>Pamphilum</span> <span class='ocrx_word' id='word_1_14' title='bbox 409 530 564 596; x_wconf 82' lang='lat' dir='ltr'>observet.</span> <span class='ocrx_word' id='word_1_15' title='bbox 607 532 727 595; x_wconf 89' lang='lat' dir='ltr'>lterum</span> <span class='ocrx_word' id='word_1_16' title='bbox 749 549 935 616; x_wconf 88' lang='lat' dir='ltr'>progressus</span> <span class='ocrx_word' id='word_1_17' title='bbox 957 529 991 594; x_wconf 93' lang='lat' dir='ltr'>in</span> <span class='ocrx_word' id='word_1_18' title='bbox 1012 549 1138 594; x_wconf 83' lang='lat' dir='ltr'><strong>scenam</strong></span> <span class='ocrx_word' id='word_1_19' title='bbox 1162 528 1245 594; x_wconf 89' lang='lat' dir='ltr'>Cha-</span> 
     </span>
     <span class='ocr_line' id='line_1_4' title="bbox 104 613 1246 700; baseline -0.004 -18"><span class='ocrx_word' id='word_1_20' title='bbox 104 619 195 683; x_wconf 87' lang='lat' dir='ltr'>rinus</span> <span class='ocrx_word' id='word_1_21' title='bbox 215 617 286 700; x_wconf 83' lang='lat' dir='ltr'>(IV,</span> <span class='ocrx_word' id='word_1_22' title='bbox 311 622 325 681; x_wconf 92' lang='grc'><strong>1</strong></span> <span class='ocrx_word' id='word_1_23' title='bbox 350 623 383 678; x_wconf 89' lang='lat' dir='ltr'>et</span> <span class='ocrx_word' id='word_1_24' title='bbox 398 619 434 698; x_wconf 70' lang='lat'>2)</span> <span class='ocrx_word' id='word_1_25' title='bbox 456 622 585 681; x_wconf 88' lang='lat' dir='ltr'>accusat</span> <span class='ocrx_word' id='word_1_26' title='bbox 607 615 751 681; x_wconf 91' lang='lat' dir='ltr'>homines</span> <span class='ocrx_word' id='word_1_27' title='bbox 773 637 883 680; x_wconf 90' lang='lat' dir='ltr'>omnes</span> <span class='ocrx_word' id='word_1_28' title='bbox 904 635 972 679; x_wconf 89' lang='lat' dir='ltr'>esse</span> <span class='ocrx_word' id='word_1_29' title='bbox 994 613 1131 697; x_wconf 87' lang='lat' dir='ltr'>perfidos</span> <span class='ocrx_word' id='word_1_30' title='bbox 1153 614 1246 678; x_wconf 88' lang='lat' dir='ltr'>Pam·</span> 
     </span>
     <span class='ocr_line' id='line_1_5' title="bbox 104 697 1246 787; baseline -0.003 -22"><span class='ocrx_word' id='word_1_31' title='bbox 104 703 291 787; x_wconf 89' lang='lat' dir='ltr'>philumque</span> <span class='ocrx_word' id='word_1_32' title='bbox 330 700 530 766; x_wconf 86' lang='lat' dir='ltr'>contumeliis</span> <span class='ocrx_word' id='word_1_33' title='bbox 569 701 785 784; x_wconf 81' lang='lat' dir='ltr'>persequitur,</span> <span class='ocrx_word' id='word_1_34' title='bbox 822 698 905 785; x_wconf 93' lang='lat' dir='ltr'>quod</span> <span class='ocrx_word' id='word_1_35' title='bbox 935 699 1113 764; x_wconf 82' lang='lat' dir='ltr'>Chremetis</span> <span class='ocrx_word' id='word_1_36' title='bbox 1145 697 1246 763; x_wconf 89' lang='lat' dir='ltr'>filiam</span> 
     </span>
     <span class='ocr_line' id='line_1_6' title="bbox 105 781 1246 871; baseline -0.004 -19"><span class='ocrx_word' id='word_1_37' title='bbox 105 788 276 852; x_wconf 91' lang='lat' dir='ltr'>ducturum</span> <span class='ocrx_word' id='word_1_38' title='bbox 299 807 332 850; x_wconf 90' lang='lat' dir='ltr'>se</span> <span class='ocrx_word' id='word_1_39' title='bbox 355 806 418 849; x_wconf 95' lang='lat' dir='ltr'>non</span> <span class='ocrx_word' id='word_1_40' title='bbox 441 805 509 849; x_wconf 89' lang='lat' dir='ltr'>esse</span> <span class='ocrx_word' id='word_1_41' title='bbox 532 785 692 871; x_wconf 79' lang='lat' dir='ltr'>pollicitus</span> <span class='ocrx_word' id='word_1_42' title='bbox 713 791 781 849; x_wconf 89' lang='lat' dir='ltr'>tum</span> <span class='ocrx_word' id='word_1_43' title='bbox 803 790 909 850; x_wconf 88' lang='lat' dir='ltr'>tamen</span> <span class='ocrx_word' id='word_1_44' title='bbox 925 786 1038 862; x_wconf 86' lang='lat' dir='ltr'>ducat3</span> <span class='ocrx_word' id='word_1_45' title='bbox 1062 782 1141 848; x_wconf 86' lang='lat' dir='ltr'><strong>nihil</strong></span> <span class='ocrx_word' id='word_1_46' title='bbox 1156 781 1246 848; x_wconf 90' lang='lat' dir='ltr'>aliud</span> 
     </span>
     <span class='ocr_line' id='line_1_7' title="bbox 106 869 1247 953; baseline -0.004 -17"><span class='ocrx_word' id='word_1_47' title='bbox 106 873 221 936; x_wconf 89' lang='lat' dir='ltr'>deinde</span> <span class='ocrx_word' id='word_1_48' title='bbox 249 871 332 953; x_wconf 91' lang='lat' dir='ltr'>agit,</span> <span class='ocrx_word' id='word_1_49' title='bbox 365 889 459 953; x_wconf 85' lang='lat' dir='ltr'>quarn</span> <span class='ocrx_word' id='word_1_50' title='bbox 483 876 520 932; x_wconf 92' lang='lat' dir='ltr'>ut</span> <span class='ocrx_word' id='word_1_51' title='bbox 541 871 716 934; x_wconf 90' lang='lat' dir='ltr'>sententias</span> <span class='ocrx_word' id='word_1_52' title='bbox 739 869 894 953; x_wconf 88' lang='lat' dir='ltr'>quasdam</span> <span class='ocrx_word' id='word_1_53' title='bbox 917 869 958 934; x_wconf 90' lang='lat' dir='ltr'>ad</span> <span class='ocrx_word' id='word_1_54' title='bbox 981 889 1124 952; x_wconf 87' lang='lat' dir='ltr'>eaquae</span> <span class='ocrx_word' id='word_1_55' title='bbox 1146 888 1247 952; x_wconf 88' lang='lat' dir='ltr'>usque</span> 
     </span>
     <span class='ocr_line' id='line_1_8' title="bbox 105 953 1247 1039; baseline -0.004 -18"><span class='ocrx_word' id='word_1_56' title='bbox 105 978 144 1022; x_wconf 91' lang='lat' dir='ltr'>eo</span> <span class='ocrx_word' id='word_1_57' title='bbox 166 962 256 1039; x_wconf 86' lang='lat' dir='ltr'>gesta</span> <span class='ocrx_word' id='word_1_58' title='bbox 277 960 353 1019; x_wconf 90' lang='lat' dir='ltr'>sunt</span> <span class='ocrx_word' id='word_1_59' title='bbox 377 955 573 1037; x_wconf 86' lang='lat' dir='ltr'>pertinentes</span> <span class='ocrx_word' id='word_1_60' title='bbox 596 954 729 1029; x_wconf 82' lang='lat' dir='ltr'>referat;</span> <span class='ocrx_word' id='word_1_61' title='bbox 766 955 902 1037; x_wconf 87' lang='lat' dir='ltr'>denique</span> <span class='ocrx_word' id='word_1_62' title='bbox 930 955 970 1018; x_wconf 92' lang='lat' dir='ltr'>ad</span> <span class='ocrx_word' id='word_1_63' title='bbox 1001 953 1247 1017; x_wconf 90' lang='lat' dir='ltr'>lamentationes</span> 
     </span>
     <span class='ocr_line' id='line_1_9' title="bbox 106 1038 1249 1122; baseline -0.002 -18"><span class='ocrx_word' id='word_1_64' title='bbox 106 1042 288 1105; x_wconf 82' lang='lat' dir='ltr'>revertitur.</span> <span class='ocrx_word' id='word_1_65' title='bbox 330 1040 501 1122; x_wconf 88' lang='lat' dir='ltr'>Postquam</span> <span class='ocrx_word' id='word_1_66' title='bbox 521 1041 635 1104; x_wconf 90' lang='lat' dir='ltr'>deinde</span> <span class='ocrx_word' id='word_1_67' title='bbox 650 1040 744 1104; x_wconf 90' lang='lat' dir='ltr'>nodis</span> <span class='ocrx_word' id='word_1_68' title='bbox 759 1040 872 1105; x_wconf 89' lang='lat' dir='ltr'>solutis</span> <span class='ocrx_word' id='word_1_69' title='bbox 887 1061 950 1104; x_wconf 94' lang='lat' dir='ltr'>non</span> <span class='ocrx_word' id='word_1_70' title='bbox 967 1038 1123 1116; x_wconf 83' lang='lat' dir='ltr'>interfuit,</span> <span class='ocrx_word' id='word_1_71' title='bbox 1145 1057 1249 1102; x_wconf 86' lang='lat' dir='ltr'>rever·</span> 
     </span>
     <span class='ocr_line' id='line_1_10' title="bbox 106 1124 1244 1208; baseline -0.004 -18"><span class='ocrx_word' id='word_1_72' title='bbox 106 1147 162 1190; x_wconf 89' lang='lat' dir='ltr'>sus</span> <span class='ocrx_word' id='word_1_73' title='bbox 183 1126 221 1203; x_wconf 89' lang='lat' dir='ltr'>V,</span> <span class='ocrx_word' id='word_1_74' title='bbox 244 1131 261 1188; x_wconf 85' lang='lat'><strong>5</strong></span> <span class='ocrx_word' id='word_1_75' title='bbox 286 1124 432 1189; x_wconf 84' lang='lat' dir='ltr'>nullane</span> <span class='ocrx_word' id='word_1_76' title='bbox 455 1144 556 1207; x_wconf 89' lang='lat' dir='ltr'>neque</span> <span class='ocrx_word' id='word_1_77' title='bbox 579 1131 653 1189; x_wconf 89' lang='lat' dir='ltr'>acta</span> <span class='ocrx_word' id='word_1_78' title='bbox 682 1146 784 1208; x_wconf 89' lang='lat' dir='ltr'>neque</span> <span class='ocrx_word' id='word_1_79' title='bbox 813 1124 915 1204; x_wconf 86' lang='lat' dir='ltr'>dicta,</span> <span class='ocrx_word' id='word_1_80' title='bbox 946 1125 982 1203; x_wconf 91' lang='lat' dir='ltr'>V,</span> <span class='ocrx_word' id='word_1_81' title='bbox 1006 1129 1044 1201; x_wconf 90' lang='grc'>6,</span> <span class='ocrx_word' id='word_1_82' title='bbox 1075 1129 1244 1206; x_wconf 88' lang='lat' dir='ltr'>postquam</span> 
     </span>
     <span class='ocr_line' id='line_1_11' title="bbox 107 1207 1247 1294; baseline -0.001 -21"><span class='ocrx_word' id='word_1_83' title='bbox 107 1209 186 1294; x_wconf 92' lang='lat' dir='ltr'>quid</span> <span class='ocrx_word' id='word_1_84' title='bbox 209 1210 254 1274; x_wconf 87' lang='lat' dir='ltr'>rei</span> <span class='ocrx_word' id='word_1_85' title='bbox 278 1215 362 1273; x_wconf 89' lang='lat' dir='ltr'>esset</span> <span class='ocrx_word' id='word_1_86' title='bbox 383 1209 515 1286; x_wconf 86' lang='lat' dir='ltr'>audivit,</span> <span class='ocrx_word' id='word_1_87' title='bbox 538 1209 620 1292; x_wconf 90' lang='lat' dir='ltr'>petit</span> <span class='ocrx_word' id='word_1_88' title='bbox 640 1231 659 1272; x_wconf 91' lang='lat' dir='ltr'>a</span> <span class='ocrx_word' id='word_1_89' title='bbox 681 1208 848 1294; x_wconf 88' lang='lat' dir='ltr'>Pamphilo</span> <span class='ocrx_word' id='word_1_90' title='bbox 870 1215 907 1274; x_wconf 90' lang='lat' dir='ltr'>ut</span> <span class='ocrx_word' id='word_1_91' title='bbox 928 1209 1075 1274; x_wconf 88' lang='lat' dir='ltr'>secundis</span> <span class='ocrx_word' id='word_1_92' title='bbox 1097 1207 1192 1273; x_wconf 88' lang='lat' dir='ltr'>rebus</span> <span class='ocrx_word' id='word_1_93' title='bbox 1213 1227 1247 1272; x_wconf 88' lang='lat' dir='ltr'>se</span> 
     </span>
     <span class='ocr_line' id='line_1_12' title="bbox 106 1292 1248 1379; baseline -0.004 -19"><span class='ocrx_word' id='word_1_94' title='bbox 106 1295 267 1378; x_wconf 87' lang='lat' dir='ltr'>respiciat.</span> <span class='ocrx_word' id='word_1_95' title='bbox 298 1295 446 1358; x_wconf 88' lang='lat' dir='ltr'>Ceterum</span> <span class='ocrx_word' id='word_1_96' title='bbox 463 1293 543 1357; x_wconf 91' lang='lat' dir='ltr'>nibil</span> <span class='ocrx_word' id='word_1_97' title='bbox 558 1294 596 1358; x_wconf 91' lang='lat' dir='ltr'>de</span> <span class='ocrx_word' id='word_1_98' title='bbox 612 1314 663 1372; x_wconf 88' lang='lat' dir='ltr'>e0;</span> <span class='ocrx_word' id='word_1_99' title='bbox 687 1315 750 1358; x_wconf 92' lang='lat' dir='ltr'>non</span> <span class='ocrx_word' id='word_1_100' title='bbox 765 1295 936 1379; x_wconf 87' lang='lat' dir='ltr'>respondet</span> <span class='ocrx_word' id='word_1_101' title='bbox 946 1292 1128 1377; x_wconf 85' lang='lat' dir='ltr'>Pamphilus</span> <span class='ocrx_word' id='word_1_102' title='bbox 1139 1298 1248 1357; x_wconf 91' lang='lat' dir='ltr'>utrum</span> 
     </span>
     <span class='ocr_line' id='line_1_13' title="bbox 107 1379 1250 1463; baseline -0.002 -19"><span class='ocrx_word' id='word_1_103' title='bbox 107 1379 195 1463; x_wconf 91' lang='lat' dir='ltr'>preci</span> <span class='ocrx_word' id='word_1_104' title='bbox 216 1380 285 1443; x_wconf 90' lang='lat' dir='ltr'>eius</span> <span class='ocrx_word' id='word_1_105' title='bbox 306 1399 425 1443; x_wconf 90' lang='lat' dir='ltr'>morem</span> <span class='ocrx_word' id='word_1_106' title='bbox 450 1385 597 1461; x_wconf 88' lang='lat' dir='ltr'>gesturus</span> <span class='ocrx_word' id='word_1_107' title='bbox 619 1379 661 1442; x_wconf 88' lang='lat' dir='ltr'>sit</span> <span class='ocrx_word' id='word_1_108' title='bbox 682 1399 791 1444; x_wconf 89' lang='lat' dir='ltr'>necne.</span> <span class='ocrx_word' id='word_1_109' title='bbox 835 1379 951 1446; x_wconf 89' lang='lat' dir='ltr'>Omnes</span> <span class='ocrx_word' id='word_1_110' title='bbox 969 1379 1028 1443; x_wconf 89' lang='lat' dir='ltr'>has</span> <span class='ocrx_word' id='word_1_111' title='bbox 1042 1384 1075 1443; x_wconf 88' lang='lat' dir='ltr'>et</span> <span class='ocrx_word' id='word_1_112' title='bbox 1090 1397 1202 1442; x_wconf 87' lang='lat' dir='ltr'>scenas</span> <span class='ocrx_word' id='word_1_113' title='bbox 1216 1382 1250 1442; x_wconf 91' lang='lat' dir='ltr'>et</span> 
     </span>
     <span class='ocr_line' id='line_1_14' title="bbox 107 1463 1249 1560; baseline -0.003 -32"><span class='ocrx_word' id='word_1_114' title='bbox 107 1464 206 1529; x_wconf 86' lang='lat' dir='ltr'>rerba</span> <span class='ocrx_word' id='word_1_115' title='bbox 227 1464 268 1528; x_wconf 91' lang='lat' dir='ltr'>ad</span> <span class='ocrx_word' id='word_1_116' title='bbox 293 1465 395 1547; x_wconf 92' lang='lat' dir='ltr'>ipsum</span> <span class='ocrx_word' id='word_1_117' title='bbox 417 1463 546 1528; x_wconf 86' lang='lat' dir='ltr'>fabulae</span> <span class='ocrx_word' id='word_1_118' title='bbox 568 1473 789 1548; x_wconf 82' lang='lat' dir='ltr'>argumentum</span> <span class='ocrx_word' id='word_1_119' title='bbox 814 1464 859 1527; x_wconf 94' lang='lat' dir='ltr'>nil</span> <span class='ocrx_word' id='word_1_120' title='bbox 875 1464 1002 1530; x_wconf 91' lang='lat' dir='ltr'>omnino</span> <span class='ocrx_word' id='word_1_121' title='bbox 1017 1464 1178 1548; x_wconf 89' lang='lat' dir='ltr'>pertinere</span> <span class='ocrx_word' id='word_1_122' title='bbox 1193 1483 1249 1560; x_wconf 88' lang='lat' dir='ltr'>ap·</span> 
     </span>
     <span class='ocr_line' id='line_1_15' title="bbox 106 1547 1249 1634; baseline -0.003 -20"><span class='ocrx_word' id='word_1_123' title='bbox 106 1555 212 1634; x_wconf 88' lang='lat' dir='ltr'>paret;</span> <span class='ocrx_word' id='word_1_124' title='bbox 236 1549 407 1613; x_wconf 89' lang='lat' dir='ltr'>maximam</span> <span class='ocrx_word' id='word_1_125' title='bbox 431 1556 554 1633; x_wconf 89' lang='lat' dir='ltr'>partem</span> <span class='ocrx_word' id='word_1_126' title='bbox 577 1549 673 1613; x_wconf 87' lang='lat' dir='ltr'>verba</span> <span class='ocrx_word' id='word_1_127' title='bbox 695 1558 771 1613; x_wconf 87' lang='lat' dir='ltr'>sunt</span> <span class='ocrx_word' id='word_1_128' title='bbox 794 1550 947 1632; x_wconf 82' lang='lat' dir='ltr'>vulgaria,</span> <span class='ocrx_word' id='word_1_129' title='bbox 969 1568 1103 1632; x_wconf 84' lang='lat' dir='ltr'>quaeso</span> <span class='ocrx_word' id='word_1_130' title='bbox 1118 1547 1249 1612; x_wconf 89' lang='lat' dir='ltr'>consiho</span> 
     </span>
     <span class='ocr_line' id='line_1_16' title="bbox 107 1632 1248 1718; baseline -0.002 -20"><span class='ocrx_word' id='word_1_131' title='bbox 107 1635 194 1698; x_wconf 86' lang='lat' dir='ltr'>faeta</span> <span class='ocrx_word' id='word_1_132' title='bbox 233 1633 380 1698; x_wconf 83' lang='lat' dir='ltr'>ridentur</span> <span class='ocrx_word' id='word_1_133' title='bbox 415 1639 453 1698; x_wconf 88' lang='lat' dir='ltr'>ut</span> <span class='ocrx_word' id='word_1_134' title='bbox 480 1632 590 1717; x_wconf 91' lang='lat' dir='ltr'>paullo</span> <span class='ocrx_word' id='word_1_135' title='bbox 618 1632 791 1716; x_wconf 83' lang='lat' dir='ltr'>longiorem</span> <span class='ocrx_word' id='word_1_136' title='bbox 824 1641 920 1718; x_wconf 89' lang='lat' dir='ltr'>poeta</span> <span class='ocrx_word' id='word_1_137' title='bbox 948 1633 1064 1698; x_wconf 87' lang='lat' dir='ltr'>efficiat</span> <span class='ocrx_word' id='word_1_138' title='bbox 1096 1632 1248 1697; x_wconf 79' lang='lat' dir='ltr'>tabulam.</span> 
     </span>
     <span class='ocr_line' id='line_1_17' title="bbox 108 1717 1248 1803; baseline -0.002 -18"><span class='ocrx_word' id='word_1_139' title='bbox 108 1719 281 1785; x_wconf 73' lang='lat' dir='ltr'>Stenarum</span> <span class='ocrx_word' id='word_1_140' title='bbox 306 1719 360 1796; x_wconf 91' lang='lat' dir='ltr'>lV,</span> <span class='ocrx_word' id='word_1_141' title='bbox 386 1723 399 1782; x_wconf 93' lang='lat' dir='ltr'>l</span> <span class='ocrx_word' id='word_1_142' title='bbox 424 1721 498 1782; x_wconf 78' lang='lat' dir='ltr'>et2</span> <span class='ocrx_word' id='word_1_143' title='bbox 529 1718 680 1782; x_wconf 90' lang='lat' dir='ltr'>maiorem</span> <span class='ocrx_word' id='word_1_144' title='bbox 712 1726 834 1803; x_wconf 87' lang='lat' dir='ltr'>partem</span> <span class='ocrx_word' id='word_1_145' title='bbox 866 1719 960 1802; x_wconf 86' lang='lat' dir='ltr'>plane</span> <span class='ocrx_word' id='word_1_146' title='bbox 982 1719 1085 1784; x_wconf 89' lang='lat' dir='ltr'>omitti</span> <span class='ocrx_word' id='word_1_147' title='bbox 1115 1717 1248 1797; x_wconf 79' lang='lat' dir='ltr'>licebat3</span> 
     </span>
     <span class='ocr_line' id='line_1_18' title="bbox 108 1803 1249 1887; baseline 0 -19"><span class='ocrx_word' id='word_1_148' title='bbox 108 1824 192 1887; x_wconf 89' lang='lat' dir='ltr'>quae</span> <span class='ocrx_word' id='word_1_149' title='bbox 221 1805 260 1867; x_wconf 88' lang='lat' dir='ltr'>iis</span> <span class='ocrx_word' id='word_1_150' title='bbox 291 1805 401 1868; x_wconf 91' lang='lat' dir='ltr'>insunt</span> <span class='ocrx_word' id='word_1_151' title='bbox 422 1803 483 1867; x_wconf 88' lang='lat' dir='ltr'>diei</span> <span class='ocrx_word' id='word_1_152' title='bbox 505 1810 640 1887; x_wconf 89' lang='lat' dir='ltr'>apparet</span> <span class='ocrx_word' id='word_1_153' title='bbox 662 1810 698 1867; x_wconf 88' lang='lat' dir='ltr'>ut</span> <span class='ocrx_word' id='word_1_154' title='bbox 719 1810 903 1869; x_wconf 89' lang='lat' dir='ltr'>conteratur</span> <span class='ocrx_word' id='word_1_155' title='bbox 925 1805 1077 1887; x_wconf 89' lang='lat' dir='ltr'>temporis</span> <span class='ocrx_word' id='word_1_156' title='bbox 1099 1803 1249 1887; x_wconf 87' lang='lat' dir='ltr'>spatium,</span> 
     </span>
     <span class='ocr_line' id='line_1_19' title="bbox 107 1886 1250 1973; baseline -0.003 -19"><span class='ocrx_word' id='word_1_157' title='bbox 107 1910 167 1973; x_wconf 90' lang='lat' dir='ltr'>per</span> <span class='ocrx_word' id='word_1_158' title='bbox 188 1888 272 1972; x_wconf 90' lang='lat' dir='ltr'>quod</span> <span class='ocrx_word' id='word_1_159' title='bbox 300 1887 405 1952; x_wconf 87' lang='lat' dir='ltr'>Davus</span> <span class='ocrx_word' id='word_1_160' title='bbox 427 1909 524 1954; x_wconf 90' lang='lat' dir='ltr'>novos</span> <span class='ocrx_word' id='word_1_161' title='bbox 546 1889 635 1953; x_wconf 90' lang='lat' dir='ltr'>dolos</span> <span class='ocrx_word' id='word_1_162' title='bbox 658 1890 822 1973; x_wconf 83' lang='lat' dir='ltr'>excogitet.</span> <span class='ocrx_word' id='word_1_163' title='bbox 862 1890 1061 1972; x_wconf 83' lang='lat' dir='ltr'>Quamquam</span> <span class='ocrx_word' id='word_1_164' title='bbox 1077 1886 1250 1953; x_wconf 86' lang='lat' dir='ltr'>conceden-</span> 
     </span>
     <span class='ocr_line' id='line_1_20' title="bbox 108 1973 1249 2058; baseline -0.004 -18"><span class='ocrx_word' id='word_1_165' title='bbox 108 1975 186 2040; x_wconf 93' lang='lat' dir='ltr'>dum</span> <span class='ocrx_word' id='word_1_166' title='bbox 211 1979 268 2049; x_wconf 87' lang='lat' dir='ltr'>est,</span> <span class='ocrx_word' id='word_1_167' title='bbox 292 1973 422 2038; x_wconf 84' lang='lat' dir='ltr'>Charini</span> <span class='ocrx_word' id='word_1_168' title='bbox 445 1980 477 2036; x_wconf 88' lang='lat' dir='ltr'>et</span> <span class='ocrx_word' id='word_1_169' title='bbox 500 1973 659 2058; x_wconf 89' lang='lat' dir='ltr'>Pamphili</span> <span class='ocrx_word' id='word_1_170' title='bbox 682 1974 840 2056; x_wconf 88' lang='lat' dir='ltr'>colloquio</span> <span class='ocrx_word' id='word_1_171' title='bbox 861 1974 1006 2038; x_wconf 91' lang='lat' dir='ltr'>immixto</span> <span class='ocrx_word' id='word_1_172' title='bbox 1029 1993 1090 2037; x_wconf 90' lang='lat' dir='ltr'>nou</span> <span class='ocrx_word' id='word_1_173' title='bbox 1115 1980 1181 2037; x_wconf 89' lang='lat' dir='ltr'>tam</span> <span class='ocrx_word' id='word_1_174' title='bbox 1197 1992 1249 2037; x_wconf 89' lang='lat' dir='ltr'>su·</span> 
     </span>
     <span class='ocr_line' id='line_1_21' title="bbox 108 2056 1191 2143; baseline -0.004 -19"><span class='ocrx_word' id='word_1_175' title='bbox 108 2059 178 2124; x_wconf 90' lang='lat' dir='ltr'>bita</span> <span class='ocrx_word' id='word_1_176' title='bbox 199 2079 303 2141; x_wconf 91' lang='lat' dir='ltr'>neque</span> <span class='ocrx_word' id='word_1_177' title='bbox 326 2057 394 2122; x_wconf 87' lang='lat' dir='ltr'>ulla</span> <span class='ocrx_word' id='word_1_178' title='bbox 416 2056 563 2122; x_wconf 90' lang='lat' dir='ltr'>adhibita</span> <span class='ocrx_word' id='word_1_179' title='bbox 584 2060 775 2143; x_wconf 84' lang='lat' dir='ltr'>cogitatione</span> <span class='ocrx_word' id='word_1_180' title='bbox 797 2065 924 2123; x_wconf 88' lang='lat' dir='ltr'>exstare</span> <span class='ocrx_word' id='word_1_181' title='bbox 947 2057 1029 2122; x_wconf 84' lang='lat' dir='ltr'>Dari</span> <span class='ocrx_word' id='word_1_182' title='bbox 1050 2057 1191 2122; x_wconf 80' lang='lat' dir='ltr'>consilia.</span> 
     </span>
    </p>

    <p class='ocr_par' dir='ltr' id='par_1_4' title="bbox 108 2142 1252 2734">
     <span class='ocr_line' id='line_1_22' title="bbox 193 2142 1250 2227; baseline 0 -19"><span class='ocrx_word' id='word_1_183' title='bbox 193 2143 260 2208; x_wconf 90' lang='lat' dir='ltr'>Has</span> <span class='ocrx_word' id='word_1_184' title='bbox 282 2142 381 2224; x_wconf 88' lang='lat' dir='ltr'>igitur</span> <span class='ocrx_word' id='word_1_185' title='bbox 403 2162 514 2206; x_wconf 88' lang='lat' dir='ltr'>scenas</span> <span class='ocrx_word' id='word_1_186' title='bbox 537 2145 654 2227; x_wconf 88' lang='lat' dir='ltr'>partim</span> <span class='ocrx_word' id='word_1_187' title='bbox 677 2164 749 2207; x_wconf 91' lang='lat' dir='ltr'>cum</span> <span class='ocrx_word' id='word_1_188' title='bbox 769 2143 910 2208; x_wconf 89' lang='lat' dir='ltr'>Andriae</span> <span class='ocrx_word' id='word_1_189' title='bbox 932 2143 1035 2208; x_wconf 87' lang='lat' dir='ltr'>scenis</span> <span class='ocrx_word' id='word_1_190' title='bbox 1057 2143 1250 2225; x_wconf 91' lang='lat' dir='ltr'>coniungen-</span> 
     </span>
     <span class='ocr_line' id='line_1_23' title="bbox 108 2227 1249 2313; baseline -0.004 -18"><span class='ocrx_word' id='word_1_191' title='bbox 108 2231 168 2295; x_wconf 88' lang='lat' dir='ltr'>das</span> <span class='ocrx_word' id='word_1_192' title='bbox 191 2238 341 2311; x_wconf 79' lang='lat' dir='ltr'>(namque</span> <span class='ocrx_word' id='word_1_193' title='bbox 364 2227 417 2304; x_wconf 83' lang='lat' dir='ltr'>lv,</span> <span class='ocrx_word' id='word_1_194' title='bbox 445 2233 542 2292; x_wconf 85' lang='lat' dir='ltr'>let2</span> <span class='ocrx_word' id='word_1_195' title='bbox 565 2236 688 2313; x_wconf 89' lang='lat' dir='ltr'>partem</span> <span class='ocrx_word' id='word_1_196' title='bbox 712 2249 751 2292; x_wconf 94' lang='lat' dir='ltr'>ne</span> <span class='ocrx_word' id='word_1_197' title='bbox 773 2230 806 2292; x_wconf 93' lang='lat' dir='ltr'>in</span> <span class='ocrx_word' id='word_1_198' title='bbox 832 2228 951 2292; x_wconf 87' lang='lat' dir='ltr'>Andria</span> <span class='ocrx_word' id='word_1_199' title='bbox 973 2227 1100 2312; x_wconf 90' lang='lat' dir='ltr'>quidem</span> <span class='ocrx_word' id='word_1_200' title='bbox 1118 2229 1249 2293; x_wconf 87' lang='lat' dir='ltr'>Menan·</span> 
     </span>
     <span class='ocr_line' id='line_1_24' title="bbox 109 2311 1249 2390; baseline -0.004 -8"><span class='ocrx_word' id='word_1_201' title='bbox 109 2317 160 2382; x_wconf 93' lang='lat' dir='ltr'>dri</span> <span class='ocrx_word' id='word_1_202' title='bbox 182 2313 319 2379; x_wconf 86' lang='lat' dir='ltr'>defuisse</span> <span class='ocrx_word' id='word_1_203' title='bbox 334 2311 604 2390; x_wconf 79' lang='lat' dir='ltr'>existimaverim),</span> <span class='ocrx_word' id='word_1_204' title='bbox 627 2333 698 2378; x_wconf 89' lang='lat' dir='ltr'>cum</span> <span class='ocrx_word' id='word_1_205' title='bbox 718 2315 832 2378; x_wconf 89' lang='lat' dir='ltr'>iterum</span> <span class='ocrx_word' id='word_1_206' title='bbox 850 2313 943 2379; x_wconf 87' lang='lat' dir='ltr'>vellet</span> <span class='ocrx_word' id='word_1_207' title='bbox 958 2313 1092 2378; x_wconf 89' lang='lat' dir='ltr'>eandem</span> <span class='ocrx_word' id='word_1_208' title='bbox 1107 2313 1249 2378; x_wconf 81' lang='lat' dir='ltr'>fabulam</span> 
     </span>
     <span class='ocr_line' id='line_1_25' title="bbox 110 2397 1252 2482; baseline -0.004 -15"><span class='ocrx_word' id='word_1_209' title='bbox 110 2403 142 2466; x_wconf 91' lang='lat' dir='ltr'>in</span> <span class='ocrx_word' id='word_1_210' title='bbox 167 2419 262 2464; x_wconf 87' lang='lat' dir='ltr'>scena</span> <span class='ocrx_word' id='word_1_211' title='bbox 284 2419 342 2482; x_wconf 92' lang='lat' dir='ltr'>pro</span> <span class='ocrx_word' id='word_1_212' title='bbox 365 2418 447 2461; x_wconf 88' lang='lat' dir='ltr'>nova</span> <span class='ocrx_word' id='word_1_213' title='bbox 468 2398 675 2476; x_wconf 88' lang='lat' dir='ltr'>committere,</span> <span class='ocrx_word' id='word_1_214' title='bbox 697 2398 858 2463; x_wconf 86' lang='lat' dir='ltr'>addidisse</span> <span class='ocrx_word' id='word_1_215' title='bbox 878 2398 1087 2463; x_wconf 86' lang='lat' dir='ltr'>Menandrum</span> <span class='ocrx_word' id='word_1_216' title='bbox 1112 2397 1252 2463; x_wconf 86' lang='lat' dir='ltr'>Andriae</span> 
     </span>
     <span class='ocr_line' id='line_1_26' title="bbox 110 2480 1249 2567; baseline -0.003 -16"><span class='ocrx_word' id='word_1_217' title='bbox 110 2505 188 2551; x_wconf 92' lang='lat' dir='ltr'>suae</span> <span class='ocrx_word' id='word_1_218' title='bbox 218 2484 310 2567; x_wconf 89' lang='lat' dir='ltr'>eique</span> <span class='ocrx_word' id='word_1_219' title='bbox 339 2502 440 2546; x_wconf 84' lang='lat' dir='ltr'>norae</span> <span class='ocrx_word' id='word_1_220' title='bbox 468 2480 598 2547; x_wconf 85' lang='lat' dir='ltr'>fabulae</span> <span class='ocrx_word' id='word_1_221' title='bbox 623 2483 806 2548; x_wconf 90' lang='lat' dir='ltr'>Perinthiae</span> <span class='ocrx_word' id='word_1_222' title='bbox 836 2503 950 2547; x_wconf 90' lang='lat' dir='ltr'>nomen</span> <span class='ocrx_word' id='word_1_223' title='bbox 980 2483 1132 2548; x_wconf 85' lang='lat' dir='ltr'>indidisse</span> <span class='ocrx_word' id='word_1_224' title='bbox 1183 2489 1249 2548; x_wconf 89' lang='lat' dir='ltr'>uto.</span> 
     </span>
     <span class='ocr_line' id='line_1_27' title="bbox 111 2505 1251 2652; baseline -0.003 -17"><span class='ocrx_word' id='word_1_225' title='bbox 111 2573 200 2650; x_wconf 84' lang='lat' dir='ltr'>Quae</span> <span class='ocrx_word' id='word_1_226' title='bbox 222 2589 294 2632; x_wconf 91' lang='lat' dir='ltr'>cum</span> <span class='ocrx_word' id='word_1_227' title='bbox 316 2567 356 2632; x_wconf 90' lang='lat' dir='ltr'>ad</span> <span class='ocrx_word' id='word_1_228' title='bbox 379 2573 601 2648; x_wconf 86' lang='lat' dir='ltr'>argumentum</span> <span class='ocrx_word' id='word_1_229' title='bbox 623 2568 727 2652; x_wconf 91' lang='lat' dir='ltr'>ipsum</span> <span class='ocrx_word' id='word_1_230' title='bbox 751 2567 830 2631; x_wconf 93' lang='lat' dir='ltr'>nihil</span> <span class='ocrx_word' id='word_1_231' title='bbox 859 2569 1004 2640; x_wconf 83' lang='lat' dir='ltr'>valeant,</span> <span class='ocrx_word' id='word_1_232' title='bbox 1037 2575 1123 2633; x_wconf 89' lang='lat' dir='ltr'>recte</span> <span class='ocrx_word' id='word_1_233' title='bbox 1152 2505 1251 2648; x_wconf 67' lang='lat' dir='ltr'>ilices,</span> 
     </span>
     <span class='ocr_line' id='line_1_28' title="bbox 111 2651 1058 2734; baseline -0.004 -14"><span class='ocrx_word' id='word_1_234' title='bbox 111 2677 174 2720; x_wconf 91' lang='lat' dir='ltr'>non</span> <span class='ocrx_word' id='word_1_235' title='bbox 198 2655 246 2719; x_wconf 91' lang='lat' dir='ltr'>ita</span> <span class='ocrx_word' id='word_1_236' title='bbox 267 2651 412 2716; x_wconf 90' lang='lat' dir='ltr'>dissimili</span> <span class='ocrx_word' id='word_1_237' title='bbox 436 2672 503 2715; x_wconf 89' lang='lat' dir='ltr'>esse</span> <span class='ocrx_word' id='word_1_238' title='bbox 528 2660 716 2734; x_wconf 90' lang='lat' dir='ltr'>argumento</span> <span class='ocrx_word' id='word_1_239' title='bbox 740 2653 798 2717; x_wconf 89' lang='lat' dir='ltr'>bas</span> <span class='ocrx_word' id='word_1_240' title='bbox 820 2653 900 2717; x_wconf 92' lang='lat' dir='ltr'>duas</span> <span class='ocrx_word' id='word_1_241' title='bbox 923 2652 1058 2718; x_wconf 84' lang='lat' dir='ltr'>fabulas.</span> 
     </span>
    </p>

    <p class='ocr_par' dir='ltr' id='par_1_5' title="bbox 110 2736 1253 3838">
     <span class='ocr_line' id='line_1_29' title="bbox 197 2736 1251 2822; baseline -0.001 -19"><span class='ocrx_word' id='word_1_242' title='bbox 197 2738 333 2803; x_wconf 87' lang='lat' dir='ltr'>Multum</span> <span class='ocrx_word' id='word_1_243' title='bbox 357 2742 469 2818; x_wconf 86' lang='lat' dir='ltr'>poetae</span> <span class='ocrx_word' id='word_1_244' title='bbox 490 2736 647 2820; x_wconf 86' lang='lat' dir='ltr'>profuisse</span> <span class='ocrx_word' id='word_1_245' title='bbox 668 2745 746 2822; x_wconf 90' lang='lat' dir='ltr'>puto</span> <span class='ocrx_word' id='word_1_246' title='bbox 768 2738 826 2802; x_wconf 87' lang='lat' dir='ltr'>has</span> <span class='ocrx_word' id='word_1_247' title='bbox 848 2759 967 2821; x_wconf 85' lang='lat' dir='ltr'>paucas</span> <span class='ocrx_word' id='word_1_248' title='bbox 981 2758 1092 2803; x_wconf 90' lang='lat' dir='ltr'>scenas</span> <span class='ocrx_word' id='word_1_249' title='bbox 1108 2736 1251 2815; x_wconf 87' lang='lat' dir='ltr'>additas;</span> 
     </span>
     <span class='ocr_line' id='line_1_30' title="bbox 111 2821 1251 2906; baseline -0.004 -16"><span class='ocrx_word' id='word_1_250' title='bbox 111 2826 192 2891; x_wconf 92' lang='lat' dir='ltr'>duos</span> <span class='ocrx_word' id='word_1_251' title='bbox 213 2823 296 2888; x_wconf 91' lang='lat' dir='ltr'>euim</span> <span class='ocrx_word' id='word_1_252' title='bbox 319 2842 377 2905; x_wconf 91' lang='lat' dir='ltr'>pro</span> <span class='ocrx_word' id='word_1_253' title='bbox 398 2842 462 2886; x_wconf 93' lang='lat' dir='ltr'>uno</span> <span class='ocrx_word' id='word_1_254' title='bbox 484 2822 702 2904; x_wconf 86' lang='lat' dir='ltr'>spectantibus</span> <span class='ocrx_word' id='word_1_255' title='bbox 724 2844 795 2887; x_wconf 91' lang='lat' dir='ltr'>oum</span> <span class='ocrx_word' id='word_1_256' title='bbox 818 2823 1016 2906; x_wconf 86' lang='lat' dir='ltr'>praebuisset</span> <span class='ocrx_word' id='word_1_257' title='bbox 1041 2842 1167 2887; x_wconf 87' lang='lat' dir='ltr'>amores</span> <span class='ocrx_word' id='word_1_258' title='bbox 1193 2821 1251 2886; x_wconf 90' lang='lat' dir='ltr'>du-</span> 
     </span>
     <span class='ocr_line' id='line_1_31' title="bbox 110 2907 1252 2996; baseline -0.003 -23"><span class='ocrx_word' id='word_1_259' title='bbox 110 2910 272 2996; x_wconf 88' lang='lat' dir='ltr'>plicesque</span> <span class='ocrx_word' id='word_1_260' title='bbox 294 2907 438 2972; x_wconf 90' lang='lat' dir='ltr'>dolorum</span> <span class='ocrx_word' id='word_1_261' title='bbox 461 2913 608 2985; x_wconf 80' lang='lat' dir='ltr'>eventus,</span> <span class='ocrx_word' id='word_1_262' title='bbox 646 2908 786 2972; x_wconf 91' lang='lat' dir='ltr'>studium</span> <span class='ocrx_word' id='word_1_263' title='bbox 817 2908 846 2971; x_wconf 94' lang='lat' dir='ltr'>ei</span> <span class='ocrx_word' id='word_1_264' title='bbox 877 2907 1088 2991; x_wconf 87' lang='lat' dir='ltr'>spectantium</span> <span class='ocrx_word' id='word_1_265' title='bbox 1121 2910 1252 2971; x_wconf 87' lang='lat' dir='ltr'>auctum</span> 
     </span>
     <span class='ocr_line' id='line_1_32' title="bbox 110 2991 1251 3076; baseline -0.005 -16"><span class='ocrx_word' id='word_1_266' title='bbox 110 3016 178 3060; x_wconf 89' lang='lat' dir='ltr'>esse</span> <span class='ocrx_word' id='word_1_267' title='bbox 201 3014 264 3058; x_wconf 92' lang='lat' dir='ltr'>non</span> <span class='ocrx_word' id='word_1_268' title='bbox 286 2991 440 3074; x_wconf 89' lang='lat' dir='ltr'>negarim.</span> <span class='ocrx_word' id='word_1_269' title='bbox 486 2991 684 3075; x_wconf 86' lang='lat' dir='ltr'>Quamquam</span> <span class='ocrx_word' id='word_1_270' title='bbox 710 2992 787 3056; x_wconf 93' lang='lat' dir='ltr'>mihi</span> <span class='ocrx_word' id='word_1_271' title='bbox 809 2992 938 3074; x_wconf 85' lang='lat' dir='ltr'>quidem</span> <span class='ocrx_word' id='word_1_272' title='bbox 964 3013 1046 3076; x_wconf 90' lang='lat' dir='ltr'>quae</span> <span class='ocrx_word' id='word_1_273' title='bbox 1072 2991 1122 3056; x_wconf 92' lang='lat' dir='ltr'>his</span> <span class='ocrx_word' id='word_1_274' title='bbox 1149 2991 1251 3056; x_wconf 89' lang='lat' dir='ltr'>scenis</span> 
     </span>
     <span class='ocr_line' id='line_1_33' title="bbox 111 3076 1253 3161; baseline -0.005 -15"><span class='ocrx_word' id='word_1_275' title='bbox 111 3078 244 3147; x_wconf 82' lang='lat' dir='ltr'>Charini</span> <span class='ocrx_word' id='word_1_276' title='bbox 268 3083 301 3141; x_wconf 92' lang='lat' dir='ltr'>et</span> <span class='ocrx_word' id='word_1_277' title='bbox 322 3076 476 3158; x_wconf 87' lang='lat' dir='ltr'>Byrrhiae</span> <span class='ocrx_word' id='word_1_278' title='bbox 497 3076 609 3141; x_wconf 86' lang='lat' dir='ltr'>insunt</span> <span class='ocrx_word' id='word_1_279' title='bbox 630 3078 708 3140; x_wconf 90' lang='lat' dir='ltr'>satis</span> <span class='ocrx_word' id='word_1_280' title='bbox 730 3076 813 3141; x_wconf 86' lang='lat' dir='ltr'>levia</span> <span class='ocrx_word' id='word_1_281' title='bbox 835 3083 868 3140; x_wconf 87' lang='lat' dir='ltr'>et</span> <span class='ocrx_word' id='word_1_282' title='bbox 889 3077 1062 3145; x_wconf 87' lang='lat' dir='ltr'>mediocria</span> <span class='ocrx_word' id='word_1_283' title='bbox 1083 3096 1253 3161; x_wconf 84' lang='lat' dir='ltr'>personae-</span> 
     </span>
     <span class='ocr_line' id='line_1_34' title="bbox 112 3159 1253 3251; baseline -0.004 -23"><span class='ocrx_word' id='word_1_284' title='bbox 112 3185 173 3251; x_wconf 92' lang='lat' dir='ltr'>que</span> <span class='ocrx_word' id='word_1_285' title='bbox 194 3164 283 3247; x_wconf 89' lang='lat' dir='ltr'>ipsae</span> <span class='ocrx_word' id='word_1_286' title='bbox 305 3162 383 3225; x_wconf 87' lang='lat' dir='ltr'>satis</span> <span class='ocrx_word' id='word_1_287' title='bbox 404 3161 511 3225; x_wconf 90' lang='lat' dir='ltr'>lentae</span> <span class='ocrx_word' id='word_1_288' title='bbox 534 3161 695 3244; x_wconf 90' lang='lat' dir='ltr'>taediique</span> <span class='ocrx_word' id='word_1_289' title='bbox 710 3163 824 3246; x_wconf 89' lang='lat' dir='ltr'>plenae</span> <span class='ocrx_word' id='word_1_290' title='bbox 840 3161 991 3226; x_wconf 85' lang='lat' dir='ltr'>videntur</span> <span class='ocrx_word' id='word_1_291' title='bbox 1012 3183 1097 3238; x_wconf 82' lang='lat' dir='ltr'>esse3</span> <span class='ocrx_word' id='word_1_292' title='bbox 1119 3159 1253 3227; x_wconf 85' lang='lat' dir='ltr'>Charini</span> 
     </span>
     <span class='ocr_line' id='line_1_35' title="bbox 110 3245 1252 3334; baseline -0.004 -18"><span class='ocrx_word' id='word_1_293' title='bbox 110 3249 268 3334; x_wconf 89' lang='lat' dir='ltr'>imprimis</span> <span class='ocrx_word' id='word_1_294' title='bbox 297 3265 434 3330; x_wconf 89' lang='lat' dir='ltr'>persona</span> <span class='ocrx_word' id='word_1_295' title='bbox 464 3245 643 3310; x_wconf 88' lang='lat' dir='ltr'>miserrima</span> <span class='ocrx_word' id='word_1_296' title='bbox 672 3254 704 3310; x_wconf 90' lang='lat' dir='ltr'>et</span> <span class='ocrx_word' id='word_1_297' title='bbox 733 3245 928 3311; x_wconf 81' lang='lat' dir='ltr'>flebilissime</span> <span class='ocrx_word' id='word_1_298' title='bbox 956 3256 1014 3311; x_wconf 89' lang='lat' dir='ltr'>est.</span> <span class='ocrx_word' id='word_1_299' title='bbox 1063 3247 1132 3310; x_wconf 87' lang='lat' dir='ltr'>Has</span> <span class='ocrx_word' id='word_1_300' title='bbox 1153 3245 1252 3332; x_wconf 88' lang='lat' dir='ltr'>igitur</span> 
     </span>
     <span class='ocr_line' id='line_1_36' title="bbox 111 3329 1252 3414; baseline -0.004 -15"><span class='ocrx_word' id='word_1_301' title='bbox 111 3353 223 3400; x_wconf 89' lang='lat' dir='ltr'>scenas</span> <span class='ocrx_word' id='word_1_302' title='bbox 237 3331 404 3396; x_wconf 88' lang='lat' dir='ltr'>Terentius</span> <span class='ocrx_word' id='word_1_303' title='bbox 426 3351 443 3394; x_wconf 91' lang='lat' dir='ltr'>s</span> <span class='ocrx_word' id='word_1_304' title='bbox 461 3330 624 3394; x_wconf 85' lang='lat' dir='ltr'>Perinthia</span> <span class='ocrx_word' id='word_1_305' title='bbox 646 3331 821 3396; x_wconf 88' lang='lat' dir='ltr'>transtulit.</span> <span class='ocrx_word' id='word_1_306' title='bbox 867 3331 1012 3414; x_wconf 86' lang='lat' dir='ltr'>Namque</span> <span class='ocrx_word' id='word_1_307' title='bbox 1034 3352 1105 3396; x_wconf 89' lang='lat' dir='ltr'>eum</span> <span class='ocrx_word' id='word_1_308' title='bbox 1129 3329 1252 3414; x_wconf 85' lang='lat' dir='ltr'>aliquid</span> 
     </span>
     <span class='ocr_line' id='line_1_37' title="bbox 110 3415 1252 3499; baseline -0.005 -14"><span class='ocrx_word' id='word_1_309' title='bbox 110 3424 198 3485; x_wconf 88' lang='lat' dir='ltr'>certe</span> <span class='ocrx_word' id='word_1_310' title='bbox 220 3439 237 3482; x_wconf 90' lang='lat' dir='ltr'>e</span> <span class='ocrx_word' id='word_1_311' title='bbox 256 3415 421 3480; x_wconf 88' lang='lat' dir='ltr'>Perinthia</span> <span class='ocrx_word' id='word_1_312' title='bbox 442 3415 451 3478; x_wconf 94' lang='lat' dir='ltr'>i</span> <span class='ocrx_word' id='word_1_313' title='bbox 477 3435 509 3478; x_wconf 89' lang='lat' dir='ltr'>se</span> <span class='ocrx_word' id='word_1_314' title='bbox 531 3436 565 3479; x_wconf 92' lang='lat' dir='ltr'>se</span> <span class='ocrx_word' id='word_1_315' title='bbox 586 3417 787 3481; x_wconf 86' lang='lat' dir='ltr'>transtulisse</span> <span class='ocrx_word' id='word_1_316' title='bbox 803 3415 1002 3492; x_wconf 82' lang='lat' dir='ltr'>confiteatur,</span> <span class='ocrx_word' id='word_1_317' title='bbox 1024 3422 1252 3499; x_wconf 77' lang='lat' dir='ltr'>nequeuntem</span> 
     </span>
     <span class='ocr_line' id='line_1_38' title="bbox 110 3437 1252 3584; baseline -0.004 -15"><span class='ocrx_word' id='word_1_318' title='bbox 110 3507 196 3569; x_wconf 89' lang='lat' dir='ltr'>inter</span> <span class='ocrx_word' id='word_1_319' title='bbox 220 3499 371 3565; x_wconf 79' lang='lat' dir='ltr'>Andriam</span> <span class='ocrx_word' id='word_1_320' title='bbox 396 3505 430 3564; x_wconf 90' lang='lat' dir='ltr'>et</span> <span class='ocrx_word' id='word_1_321' title='bbox 451 3437 647 3564; x_wconf 67' lang='lat' dir='ltr'>Perinthiam</span> <span class='ocrx_word' id='word_1_322' title='bbox 669 3501 758 3566; x_wconf 91' lang='lat' dir='ltr'>aliud</span> <span class='ocrx_word' id='word_1_323' title='bbox 788 3500 963 3584; x_wconf 90' lang='lat' dir='ltr'>quidquam</span> <span class='ocrx_word' id='word_1_324' title='bbox 994 3501 1138 3579; x_wconf 89' lang='lat' dir='ltr'>intersit,</span> <span class='ocrx_word' id='word_1_325' title='bbox 1174 3500 1252 3584; x_wconf 90' lang='lat' dir='ltr'>quid</span> 
     </span>
     <span class='ocr_line' id='line_1_39' title="bbox 110 3584 1253 3669; baseline -0.004 -14"><span class='ocrx_word' id='word_1_326' title='bbox 110 3594 213 3655; x_wconf 89' lang='lat' dir='ltr'>restat</span> <span class='ocrx_word' id='word_1_327' title='bbox 242 3606 339 3669; x_wconf 90' lang='lat' dir='ltr'>quam</span> <span class='ocrx_word' id='word_1_328' title='bbox 370 3591 406 3648; x_wconf 93' lang='lat' dir='ltr'>ut</span> <span class='ocrx_word' id='word_1_329' title='bbox 434 3584 492 3648; x_wconf 91' lang='lat' dir='ltr'>has</span> <span class='ocrx_word' id='word_1_330' title='bbox 522 3585 649 3651; x_wconf 90' lang='lat' dir='ltr'>additas</span> <span class='ocrx_word' id='word_1_331' title='bbox 675 3607 787 3651; x_wconf 87' lang='lat' dir='ltr'>scenas</span> <span class='ocrx_word' id='word_1_332' title='bbox 816 3605 887 3650; x_wconf 86' lang='lat' dir='ltr'>euru</span> <span class='ocrx_word' id='word_1_333' title='bbox 919 3608 936 3650; x_wconf 92' lang='lat' dir='ltr'>e</span> <span class='ocrx_word' id='word_1_334' title='bbox 959 3585 1123 3650; x_wconf 88' lang='lat' dir='ltr'>Perinthia</span> <span class='ocrx_word' id='word_1_335' title='bbox 1145 3606 1253 3669; x_wconf 89' lang='lat' dir='ltr'>sump-</span> 
     </span>
     <span class='ocr_line' id='line_1_40' title="bbox 111 3667 1251 3757; baseline -0.003 -19"><span class='ocrx_word' id='word_1_336' title='bbox 111 3676 189 3738; x_wconf 89' lang='lat' dir='ltr'>sisse</span> <span class='ocrx_word' id='word_1_337' title='bbox 218 3679 376 3757; x_wconf 90' lang='lat' dir='ltr'>putemus.</span> <span class='ocrx_word' id='word_1_338' title='bbox 429 3669 512 3734; x_wconf 86' lang='lat' dir='ltr'>Sunt</span> <span class='ocrx_word' id='word_1_339' title='bbox 541 3677 604 3735; x_wconf 88' lang='lat' dir='ltr'>act.</span> <span class='ocrx_word' id='word_1_340' title='bbox 627 3670 668 3749; x_wconf 90' lang='lat' dir='ltr'>ll,</span> <span class='ocrx_word' id='word_1_341' title='bbox 695 3677 726 3750; x_wconf 89' lang='grc'>1;</span> <span class='ocrx_word' id='word_1_342' title='bbox 758 3669 976 3750; x_wconf 78' lang='lat' dir='ltr'>11,2;11‚a;</span> <span class='ocrx_word' id='word_1_343' title='bbox 1002 3667 1056 3749; x_wconf 81' lang='lat' dir='ltr'>lV,</span> <span class='ocrx_word' id='word_1_344' title='bbox 1082 3675 1115 3748; x_wconf 93' lang='lat' dir='ltr'>l;</span> <span class='ocrx_word' id='word_1_345' title='bbox 1138 3671 1193 3749; x_wconf 93' lang='lat' dir='ltr'>IV,</span> <span class='ocrx_word' id='word_1_346' title='bbox 1217 3676 1251 3750; x_wconf 81' lang='lat'>23</span> 
     </span>
     <span class='ocr_line' id='line_1_41' title="bbox 111 3760 297 3838; baseline -0.027 -14"><span class='ocrx_word' id='word_1_347' title='bbox 111 3760 297 3838; x_wconf 53' lang='lat' dir='ltr'>Cim&amp;</span> 
     </span>
    </p>

    <p class='ocr_par' dir='ltr' id='par_1_6' title="bbox 111 3838 1253 4180">
     <span class='ocr_line' id='line_1_42' title="bbox 197 3838 1253 3924; baseline -0.004 -16"><span class='ocrx_word' id='word_1_348' title='bbox 197 3842 307 3924; x_wconf 89' lang='lat' dir='ltr'>Neque</span> <span class='ocrx_word' id='word_1_349' title='bbox 323 3841 397 3906; x_wconf 92' lang='lat' dir='ltr'>huic</span> <span class='ocrx_word' id='word_1_350' title='bbox 412 3840 589 3906; x_wconf 87' lang='lat' dir='ltr'>sententiae</span> <span class='ocrx_word' id='word_1_351' title='bbox 604 3839 735 3905; x_wconf 90' lang='lat' dir='ltr'>obstant</span> <span class='ocrx_word' id='word_1_352' title='bbox 749 3861 832 3924; x_wconf 90' lang='lat' dir='ltr'>quae</span> <span class='ocrx_word' id='word_1_353' title='bbox 853 3860 875 3904; x_wconf 90' lang='lat' dir='ltr'>a</span> <span class='ocrx_word' id='word_1_354' title='bbox 895 3839 1054 3906; x_wconf 82' lang='lat' dir='ltr'>veteribus</span> <span class='ocrx_word' id='word_1_355' title='bbox 1070 3838 1253 3904; x_wconf 87' lang='lat' dir='ltr'>auctoribus</span> 
     </span>
     <span class='ocr_line' id='line_1_43' title="bbox 112 3921 1252 4007; baseline -0.004 -15"><span class='ocrx_word' id='word_1_356' title='bbox 112 3925 297 3992; x_wconf 87' lang='lat' dir='ltr'>Perinthiae</span> <span class='ocrx_word' id='word_1_357' title='bbox 313 3947 368 3991; x_wconf 90' lang='lat' dir='ltr'>eas</span> <span class='ocrx_word' id='word_1_358' title='bbox 383 3925 535 4007; x_wconf 89' lang='lat' dir='ltr'>reliquias</span> <span class='ocrx_word' id='word_1_359' title='bbox 558 3945 625 3990; x_wconf 88' lang='lat' dir='ltr'>essa</span> <span class='ocrx_word' id='word_1_360' title='bbox 647 3921 879 3990; x_wconf 88' lang='lat' dir='ltr'>affirmantibus</span> <span class='ocrx_word' id='word_1_361' title='bbox 900 3924 1022 3990; x_wconf 87' lang='lat' dir='ltr'>tradita</span> <span class='ocrx_word' id='word_1_362' title='bbox 1043 3932 1125 3990; x_wconf 87' lang='lat' dir='ltr'>sunt.</span> <span class='ocrx_word' id='word_1_363' title='bbox 1169 3924 1252 3988; x_wconf 90' lang='lat' dir='ltr'>Nam</span> 
     </span>
     <span class='ocr_line' id='line_1_44' title="bbox 111 4009 1251 4093; baseline -0.004 -16"><span class='ocrx_word' id='word_1_364' title='bbox 111 4033 183 4077; x_wconf 93' lang='lat' dir='ltr'>cum</span> <span class='ocrx_word' id='word_1_365' title='bbox 207 4010 331 4075; x_wconf 79' lang='lat' dir='ltr'>Andria</span> <span class='ocrx_word' id='word_1_366' title='bbox 352 4016 385 4075; x_wconf 91' lang='lat' dir='ltr'>et</span> <span class='ocrx_word' id='word_1_367' title='bbox 409 4009 571 4074; x_wconf 88' lang='lat' dir='ltr'>Perinthia</span> <span class='ocrx_word' id='word_1_368' title='bbox 592 4009 734 4074; x_wconf 90' lang='lat' dir='ltr'>eiusdem</span> <span class='ocrx_word' id='word_1_369' title='bbox 764 4010 829 4074; x_wconf 88' lang='lat' dir='ltr'>sint</span> <span class='ocrx_word' id='word_1_370' title='bbox 856 4010 1036 4093; x_wconf 88' lang='lat' dir='ltr'>argumenti</span> <span class='ocrx_word' id='word_1_371' title='bbox 1065 4016 1098 4073; x_wconf 91' lang='lat' dir='ltr'>et</span> <span class='ocrx_word' id='word_1_372' title='bbox 1125 4015 1251 4074; x_wconf 88' lang='lat' dir='ltr'>senten·</span> 
     </span>
     <span class='ocr_line' id='line_1_45' title="bbox 112 4094 1251 4180; baseline -0.004 -17"><span class='ocrx_word' id='word_1_373' title='bbox 112 4097 246 4176; x_wconf 87' lang='lat' dir='ltr'>tiaram,</span> <span class='ocrx_word' id='word_1_374' title='bbox 280 4097 351 4179; x_wconf 92' lang='lat' dir='ltr'>quis</span> <span class='ocrx_word' id='word_1_375' title='bbox 372 4095 442 4161; x_wconf 87' lang='lat' dir='ltr'>lieri</span> <span class='ocrx_word' id='word_1_376' title='bbox 464 4094 604 4180; x_wconf 89' lang='lat' dir='ltr'>potuisse</span> <span class='ocrx_word' id='word_1_377' title='bbox 625 4102 736 4179; x_wconf 87' lang='lat' dir='ltr'>neget,</span> <span class='ocrx_word' id='word_1_378' title='bbox 770 4100 808 4159; x_wconf 92' lang='lat' dir='ltr'>ut</span> <span class='ocrx_word' id='word_1_379' title='bbox 835 4100 868 4160; x_wconf 91' lang='lat' dir='ltr'>et</span> <span class='ocrx_word' id='word_1_380' title='bbox 895 4094 992 4160; x_wconf 87' lang='lat' dir='ltr'>verba</span> <span class='ocrx_word' id='word_1_381' title='bbox 1020 4099 1052 4158; x_wconf 90' lang='lat' dir='ltr'>et</span> <span class='ocrx_word' id='word_1_382' title='bbox 1074 4094 1251 4160; x_wconf 87' lang='lat' dir='ltr'>sententiae</span> 
     </span>
    </p>
   </div>
   <div class='ocr_carea' id='block_1_4' title="bbox 0 0 1463 4658">
    <p class='ocr_par' dir='ltr' id='par_1_7' title="bbox 0 0 1463 4658">
     <span class='ocr_line' id='line_1_46' title="bbox 0 0 1463 4658; baseline 0 0"><span class='ocrx_word' id='word_1_383' title='bbox 0 0 1463 4658; x_wconf 95' lang='lat' dir='ltr'> </span> 
     </span>
    </p>
   </div>
  </div>
 </body>
</html>
