2900 4658
649 266 690 328 35

84 471 187 534 quae
209 453 349 531 aguntur
370 469 473 539 neque
494 469 649 532 personae
664 449 790 516 Colacis
811 454 894 517 sunt.
932 451 1142 530 Quamobrem
1159 452 1242 537 prio·

85 557 155 602 res
177 557 286 600 versus
306 534 454 600 eColace
472 534 655 618 desumptus
676 535 822 612 concedo,
846 541 951 604 cetera
974 537 1146 604 maximam
1169 559 1241 621 par·

87 627 169 686 tem
192 621 374 686 aTerentio
397 621 572 702 composita
594 625 679 702 puto.
715 621 864 686 Versibus
883 627 995 688 1-10.
1011 621 1133 688 Thraso
1148 623 1242 688 Thai·

89 707 155 772 dis
178 707 314 776 domum.
338 711 374 769 ut
395 725 465 768 eam
489 705 530 768 ad
553 704 663 788 epulas
678 713 827 782 arcessat,
850 705 1011 790 profectus
1026 714 1102 772 ante
1117 714 1242 790 portam

88 813 177 856 cum
198 813 237 856 ea
258 790 462 872 colloquitur;
499 789 661 854 verbosius
689 791 816 872 quidem
839 811 909 856 eum
933 792 1123 858 collocutum
1146 813 1242 877 quam

89 877 215 961 paucis
237 875 286 939 his
307 875 411 940 verbis
432 875 590 953 Terentii,
612 881 709 959 atque
731 874 814 942 hane
836 875 959 942 Colacis
980 897 1124 955 scenam,
1145 899 1241 961 quam

94 968 146 1026 10
170 961 311 1026 versibus
332 961 514 1042 complexus
536 967 598 1038 est,
630 959 732 1024 multo
760 960 936 1034 breviorem
965 961 1105 1028 effecisse
1126 963 1242 1030 Tereu-

90 1049 185 1114 tium
207 1047 336 1110 iudices.
380 1045 494 1110 Cetera
517 1044 656 1111 Terentii
680 1052 823 1130 apparet.
872 1046 1019 1114 Fortasse
1044 1048 1175 1114 inserta·
1194 1054 1242 1114 est

92 1131 253 1198 hocloco
277 1130 422 1196 Eunuchi
445 1130 631 1194 Menandrei
654 1129 711 1196 illa
733 1150 836 1209 scena,
860 1151 923 1215 qua
945 1151 1036 1196 serva
1057 1132 1242 1217 Aethiopica

92 1223 135 1282 et
154 1215 319 1284 eunuchus
334 1217 376 1280 ad
391 1215 543 1279 Thaidem
560 1215 759 1280 ducebantur
780 1221 833 1301 et,⁸
844 1236 939 1299 quam
955 1216 1085 1301 insignis
1109 1223 1242 1302 uterque

94 1307 197 1376 esset,
220 1323 239 1366 a
263 1302 459 1366 Parmenone
482 1300 736 1384 praedicabatur.
783 1301 831 1364 Ad
855 1301 1008 1368 eiusmodi
1031 1323 1156 1370 scenam
1172 1325 1241 1388 per·

92 1390 172 1452 tine
194 1387 269 1450 licet
291 1408 319 1450 v.
339 1390 471 1462 1841,
495 1386 608 1450 deinde
632 1384 758 1450 laudem
782 1384 918 1450 eunuchi
934 1391 1068 1464 23—25,
1090 1388 1242 1456 amatoris

94 1472 245 1537 animum
269 1471 443 1555 depictum,
474 1469 604 1536 Thaidis
633 1470 738 1536 verba.
788 1470 960 1538 Thrasonis
980 1477 1014 1535 et
1037 1472 1242 1540 Parmenonis

93 1559 188 1624 inter
218 1577 251 1620 se
279 1557 451 1628 rixantium
481 1556 577 1619 verba
605 1557 664 1622 etsi
694 1577 733 1622 ex
757 1555 948 1622 Graecorum
970 1557 1080 1624 fabula
1103 1559 1240 1642 quadam

95 1649 254 1726 excerpta
276 1642 307 1704 in
331 1641 578 1723 memoriamque
600 1645 749 1706 revocata
772 1646 862 1718 sunt,
897 1647 1003 1706 temen
1026 1663 1150 1708 summa
1172 1649 1241 1711 arta

95 1728 231 1814 poetica
252 1727 435 1792 aTerentio
456 1726 627 1792 coniuncta
648 1730 680 1790 et
701 1727 734 1790 in
756 1746 855 1790 unum
871 1745 1014 1792 connexa
1031 1732 1112 1796 sunt
1149 1728 1242 1811 Apud

96 1811 315 1878 Menandrum
337 1812 437 1894 igitur
458 1810 598 1876 fabulam
621 1812 668 1874 ita
689 1816 794 1876 actam
818 1815 895 1892 puto
918 1815 954 1876 ut
975 1818 1047 1894 post
1075 1813 1241 1878 consilium

96 1921 122 1963 a
147 1897 291 1965 Chaerea
312 1898 425 1964 initum
442 1897 487 1960 *eo
511 1917 573 1979 quo
596 1896 653 1972 111,
679 1901 693 1959 1
717 1902 751 1960 et
773 1901 791 1960 2
814 1896 954 1960 Terentii
978 1903 1053 1961 sunt
1076 1897 1161 1976 loco,
1191 1919 1239 1964 sa·

96 1986 146 2048 tis
176 1983 284 2048 multis
313 1981 415 2046 verbis
442 1983 526 2046 inter
548 1981 701 2048 Thaidem
725 1981 1016 2065 Parmenonemque
1045 1983 1152 2060 factis,
1188 2004 1241 2050 eu·

96 2067 227 2134 nuchus
248 2067 469 2134 adduceretur.

189 2153 246 2226 111,
269 2157 298 2217 3.
343 2152 411 2216 Iam
435 2151 578 2216 Chaerea
604 2149 689 2233 quod
716 2149 883 2216 consilium
912 2151 985 2218 iniit
1013 2158 1086 2236 post
1114 2172 1241 2220 scenam
1331 2207 1334 2214 .

97 2237 243 2321 perficit,
272 2236 380 2320 paullo
403 2243 475 2318 post
497 2235 819 2318 Antiphonicuidam
842 2236 919 2318 quid
942 2236 1001 2302 sibi
1023 2238 1171 2318 obtigerit
1192 2260 1241 2303 re·

95 2324 174 2388 fert.
226 2323 313 2400 Quae
342 2323 475 2386 interest
501 2341 595 2388 scena
617 2325 645 2384 3.
669 2321 746 2402 quin
768 2343 807 2386 ex
830 2320 985 2388 Eunucho
1006 2322 1174 2406 desumpta
1199 2324 1242 2390 sit

96 2430 165 2472 non
187 2405 406 2474 dubitandum.
451 2405 513 2472 Sed
536 2405 621 2472 haud
643 2407 708 2470 scio
731 2426 772 2474 aa
795 2426 857 2471 non
881 2407 1040 2489 quaedam
1069 2406 1137 2472 eius
1165 2429 1240 2492 pars

96 2493 243 2558 Terentii
272 2491 328 2571 sit3
366 2491 533 2557 deducitur
561 2491 644 2556 enim
668 2491 820 2556 Chremes
852 2492 893 2555 ad
922 2492 1034 2575 epulas
1063 2492 1173 2558 militis
1202 2515 1241 2558 ea

97 2584 228 2644 tantum
252 2577 291 2642 de
312 2597 424 2656 causa,
458 2582 494 2641 ut
522 2576 594 2644 rixa
615 2576 738 2640 oriatur
760 2576 844 2642 inter
866 2575 1018 2642 Thaidem
1042 2577 1237 2660 militemque

97 2668 396 2748 praeparenturque
418 2667 508 2726 actus
529 2660 637 2744 quarti
658 2681 752 2724 socna
774 2661 887 2744 quinta
909 2667 1062 2728 etsexta.
1100 2665 1141 2726 nt
1156 2670 1240 2730 certe

96 2751 133 2813 in
153 2748 320 2812 Menandri
336 2747 489 2812 Eunucho
511 2747 617 2812 nescio
639 2767 702 2829 quo
726 2745 788 2814 alio
812 2747 904 2812 modo
922 2746 1072 2814 Chremes
1086 2747 1240 2818 Thaidem

97 2835 249 2898 convenit
272 2833 312 2896 ab
340 2853 439 2915 eaque
464 2831 660 2914 Pamphilam
691 2851 830 2908 sororem
862 2852 952 2896 suam
983 2852 1051 2899 esse
1080 2833 1238 2902 edocetur.

99 2919 166 2984 Sed
191 2918 249 2981 hoc
270 2917 400 2982 minime
423 2917 463 2981 ad
485 2937 561 2980 rem.

187 3002 234 3066 De
257 3002 379 3067 duabus
401 3023 482 3084 quae
505 3005 681 3084 sequuntur
711 3001 813 3066 scenis
841 3021 911 3068 cum
941 3001 1006 3066 iam
1035 3021 1131 3086 supra
1163 3002 1239 3086 quid

97 3087 308 3156 iudicandum
330 3090 372 3152 sit
393 3089 639 3172 exposuerimus,
662 3085 890 3152 transeundum
913 3087 976 3152 iam
999 3093 1048 3152 est
1070 3087 1239 3155 adactum

98 3181 260 3258 quartum.
308 3173 345 3236 Id
359 3173 485 3238 addere
507 3172 611 3249 liceat,
634 3171 719 3254 apud
741 3171 950 3238 Menandrum
973 3171 1032 3236 hoc
1054 3172 1123 3237 loco
1140 3171 1240 3240 Chae·

99 3279 190 3325 ream
212 3278 319 3322 secum
339 3257 522 3341 loquentem
544 3258 583 3320 iis
605 3259 659 3340 qui
682 3255 869 3339 spectabant
897 3256 974 3338 quid
1003 3257 1089 3326 intus
1115 3264 1238 3340 gestum

100 3349 187 3408 essct
208 3363 363 3409 narrasse.
407 3343 510 3408 Multa
531 3363 571 3406 ex
593 3363 630 3407 ea
653 3361 747 3406 scena
770 3344 811 3425 (e.
833 3362 859 3404 c.
876 3345 1016 3426 27-59)
1038 3342 1239 3412 transtulisse

101 3428 286 3494 Terentium
310 3449 373 3493 uon
395 3449 491 3511 nego,
523 3427 617 3511 plura
649 3425 688 3490 de
718 3445 774 3490 suo
802 3425 950 3501 addidit:
978 3425 1113 3492 fortasse
1141 3428 1238 3492 etiam

101 3514 280 3579 breviorem
317 3513 456 3582 effecisse
494 3513 655 3580 Chaereae
690 3510 777 3595 apud
813 3511 1023 3578 Menandrum
1062 3512 1239 3578 oraticnem

100 3599 267 3665 concedas.

190 3687 285 3748 Actus
308 3682 415 3765 quarti
437 3701 530 3746 scena
553 3680 657 3764 prima
679 3699 750 3744 cum
771 3687 979 3765 praeparetur
999 3681 1136 3764 iurgium
1153 3683 1237 3765 quod

101 3771 187 3834 inter
208 3768 360 3833 Thaidem
392 3767 588 3847 militemque
620 3765 762 3829 futurum
793 3770 843 3830 est
871 3787 972 3849 neque
1004 3766 1078 3831 talis
1107 3768 1146 3831 de
1175 3788 1239 3850 qua

101 3854 223 3918 mentio
244 3853 282 3918 fit
303 3853 374 3918 rixa
395 3853 428 3915 in
451 3849 603 3916 Eunucho
626 3849 687 3914 ullo
710 3851 779 3916 loco
802 3851 949 3916 collocari
970 3853 1084 3936 possit,
1114 3851 1238 3918 Colaois

102 3960 172 4004 esse
201 3938 334 4014 videtur.
385 3937 584 4020 Quamquam
615 3935 747 4000 militem
776 3957 837 4000 non
870 3944 936 4000 tam
961 3936 1119 4002 Chremeti
1139 3957 1235 4020 quarn

102 4023 278 4090 Phaedriae
301 4021 424 4088 aemulo
446 4022 587 4086 inridere
609 4027 771 4103 exspectes
794 4022 877 4086 dona
899 4022 1047 4088 mittenti.
1084 4025 1127 4084 At
1141 4021 1238 4088 Chre·

103 4115 218 4174 mrtem
250 4107 397 4174 adhibuit
424 4113 536 4191 poeta,
567 4126 638 4171 curn
662 4106 837 4172 Phaedriae
864 4106 966 4191 epulis
993 4107 1146 4172 interesse
1174 4127 1237 4174 non
1309 4111 1312 4126 '
