2900 4658
659 261 697 322 27

111 445 260 512 additum
283 449 428 528 putares,
451 445 509 510 hoc
531 446 692 510 nonsatis
715 448 863 508 accurate
885 443 1013 507 dictum.
1059 441 1095 506 ld
1118 439 1246 526 quidem

112 531 365 608 concedendum,
399 531 482 612 quod
506 530 666 596 Chaereae
696 528 798 593 verbis
827 528 904 593 insit
935 527 1013 591 satis
1041 533 1151 592 notum
1178 545 1246 593 esse

113 615 348 700 spectantibus3
368 620 510 680 attamen
533 636 594 679 noo
619 615 721 680 solum
743 621 893 678 narratur
915 614 953 678 iis
968 612 1021 677 sed
1037 614 1134 678 etiam
1146 611 1247 678 Chae·

111 723 169 765 rea
192 701 270 766 bene
291 706 411 783 gestam
434 721 500 764 rem
524 700 661 765 exsultat
683 700 784 782 deque
806 719 843 762 ea
864 720 898 763 re
920 718 1025 764 secum
1055 695 1247 781 colloquitur

111 787 174 851 sibi
207 785 268 867 ipsi
300 785 561 863 gratulabundus.
615 784 759 850 Paullum
788 784 886 864 igitur
913 789 1037 848 mutare
1063 782 1246 848 Terentium

113 871 257 954 oportuit
278 869 445 935 Menandri
467 871 561 936 verba
584 877 616 935 et
637 869 754 934 addere
769 868 935 951 quaedam,
957 869 1011 934 sed
1027 866 1186 954 permulta
1206 886 1246 932 ex

112 955 290 1020 Menandro
312 975 435 1019 sumere
456 955 555 1020 licuit.
601 955 648 1019 Ea
669 975 751 1038 quae
767 954 880 1018 deinde
895 955 1025 1037 exponit
1045 955 1109 1018 iam
1125 951 1247 1018 Teuffe-

111 1041 216 1116 lius1)
239 1039 374 1104 adnotat
396 1042 500 1104 minus
520 1048 596 1124 apta
620 1061 688 1104 esse
710 1039 915 1122 paullumque
937 1038 1063 1103 lhnium
1086 1037 1244 1104 aberrare

111 1124 285 1192 Permultis
306 1123 382 1188 locis
404 1132 528 1191 constat
546 1127 659 1190 Donati
674 1123 795 1188 scholia
816 1145 836 1188 a
858 1123 1041 1208 posterioris
1064 1123 1179 1189 aetatis
1199 1121 1247 1188 in·

112 1218 254 1294 terprete
274 1217 368 1274 ancta
390 1217 422 1274 et
443 1211 475 1274 iu
499 1212 588 1294 peius
602 1210 772 1275 emendata
788 1228 869 1287 asse;
892 1229 994 1292 neque
1008 1229 1082 1276 vero
1098 1207 1163 1275 ullo
1178 1207 1247 1274 loco

111 1317 152 1360 ex
174 1296 214 1359 iis
235 1315 315 1377 quos
336 1293 430 1360 affert
444 1302 509 1360 tam
526 1297 674 1361 distincte
689 1300 962 1370 commemoratur,
985 1293 1142 1378 quomodo
1161 1293 1247 1380 apud

111 1380 323 1446 Menandrum
339 1380 426 1446 locus
442 1381 618 1467 descriptus
638 1380 743 1444 fuerit.
787 1380 848 1458 Qui
870 1381 997 1461 gravius
1018 1385 1186 1445 accusatur
1208 1395 1247 1444 ex

110 1467 166 1543 iis,
190 1485 269 1546 quos
290 1461 396 1542 affert,
418 1466 495 1531 locis
515 1468 579 1532 iam
602 1463 794 1530 aTeuffclio
817 1464 992 1548 explicatus
1014 1471 1069 1530 est.

198 1550 307 1632 Neque
330 1571 402 1615 vero
425 1551 494 1632 plus
516 1553 621 1617 valere
643 1549 720 1614 mihi
742 1550 865 1614 videtur
887 1550 972 1634 quod
988 1553 1248 1631 argumentorum

111 1636 206 1700 affert
227 1633 357 1700 Teuffel.
406 1636 551 1720 Namque
581 1642 666 1702 recte
696 1635 865 1700 adnotasse
911 1641 965 1700 uto
989 1635 1024 1712 V,
1048 1639 1077 1714 8,
1100 1639 1120 1698 4
1143 1631 1248 1698 Dona·

112 1727 199 1784 tum:
222 1721 354 1784 Inventa
372 1742 507 1803 perenm
528 1732 572 1786 est
593 1723 637 1786 ad
657 1742 750 1805 quom
771 1729 857 1801 posta
879 1657 954 1783 lirae
969 1730 1076 1784 narret
1095 1718 1246 1795 Chamon,

111 1815 148 1868 ul
165 1805 301 1886 populus
322 1814 351 1866 el
372 1805 459 1870 miles
480 1807 655 1870 instruatur
677 1804 754 1890 quid
768 1805 852 1870 intur
865 1814 982 1888 pastum
998 1805 1047 1868 ait.
1086 1809 1130 1870 Ac
1145 1802 1247 1890 primo

112 1889 240 1972 quidem
264 1888 436 1956 allocutum
458 1912 526 1957 esse
550 1893 725 1956 Chaeream
748 1898 849 1973 putes,
879 1890 954 1973 quia
977 1891 1010 1954 in
1033 1911 1128 1954 scena
1149 1893 1250 1966 erant,

112 1974 312 2040 Gnathonem
336 1982 368 2038 et
386 1976 595 2054 Thrasonem
619 1997 721 2059 neque
743 1995 816 2041 vero
839 1977 962 2052 mirum,
986 1976 1071 2059 quod
1086 1975 1119 2040 hi
1136 1972 1249 2040 deinde

112 2060 325 2143 negleguntur
346 2081 445 2144 usque
467 2062 507 2126 ad
531 2085 559 2126 v.
582 2067 633 2126 40.
678 2062 747 2126 Hoc
772 2062 856 2126 enim
879 2061 925 2124 ita
946 2060 1099 2144 explices,
1132 2064 1169 2125 ut
1196 2077 1247 2124 ex·

111 2145 232 2210 sultare
255 2165 326 2210 eum
349 2145 469 2230 nuptiis
491 2153 523 2210 et
544 2149 743 2229 interrogare
766 2152 798 2211 et
819 2146 1012 2231 respondere
1027 2145 1161 2230 sibiipsi
1177 2163 1249 2210 cen·

111 2250 197 2307 seas;
221 2250 326 2294 aecum
349 2230 530 2314 loquentem
552 2233 660 2296 videas
683 2251 755 2295 eum
777 2253 804 2298 v.
830 2237 867 2297 lo
891 2252 917 2295 a.
935 2252 964 2315 q.
986 2251 1009 2294 s.
1055 2230 1147 2296 Hanc
1169 2247 1250 2314 quae

110 2315 198 2399 apud
221 2315 430 2378 Menandrum
459 2325 543 2393 erat,
578 2318 818 2382 meditationem
846 2317 982 2382 mutavit
1007 2315 1175 2381 Terentius
1204 2313 1252 2378 in·

110 2399 251 2464 terieetis
267 2420 349 2482 quae
364 2401 516 2465 Parmeno
532 2402 682 2485 loquitur.
722 2404 824 2484 Atque
839 2395 917 2466 haec
934 2401 1138 2465 Parmenonis
1154 2399 1250 2464 verba

109 2485 292 2548 Terentium
307 2485 468 2550 invenisse
476 2485 553 2551 dicit
563 2487 713 2564 Donatus,
730 2508 793 2550 non
806 2505 929 2550 omnem
940 2505 1118 2569 personam.
1143 2483 1247 2550 Minus

108 2576 184 2652 apte
207 2569 333 2650 quidem
356 2571 517 2654 scripsisse
539 2593 610 2638 eum
633 2573 839 2636 adnotantcm
863 2573 1004 2635 ‘Inventa
1021 2591 1157 2653 persona
1179 2570 1245 2644 est’,

110 2653 356 2719 concedendum.
402 2658 550 2721 Attamen
573 2656 631 2722 hoc
654 2655 803 2741 perfacile
825 2656 957 2740 quisque
980 2662 1163 2738 cognoscat,
1192 2653 1252 2720 hoc

110 2738 242 2802 verbum
266 2738 407 2803 ‘incanta’
430 2762 493 2805 non
518 2763 585 2806 esse
607 2743 654 2806 ita
676 2741 897 2824 exponendum
919 2747 956 2805 ut
975 2741 1157 2806 Terentium
1181 2759 1249 2804 om·

110 2845 185 2888 nem
209 2825 290 2887 hanc
311 2845 478 2907 personam
502 2827 658 2892 invenisse
682 2827 825 2891 Donatus
846 2825 993 2903 adnotet,
1027 2825 1080 2890 sed
1109 2826 1156 2890 ita
1177 2832 1248 2888 tan-

110 2917 181 2974 tum
203 2915 239 2972 ut
254 2909 483 2974 Parmenonem
506 2913 538 2975 in
560 2913 620 2976 hae
637 2912 806 2978 Menandri
827 2931 920 2976 scena
942 2931 1004 2974 nou
1027 2910 1180 2994 prodiisse
1203 2908 1250 2973 di·

110 3001 174 3060 eat.
225 2993 272 3058 Ne
302 2993 362 3058 hoc
390 2995 518 3078 quidem
550 3002 634 3061 reete
662 3019 733 3061 eum
758 2995 874 3060 dixisse
896 2994 1068 3060 Teuffelius
1090 2995 1252 3078 disputat;

110 3078 181 3143 fieri
203 3080 343 3166 potuisse
365 3087 475 3162 negat,
508 3083 584 3164 quin
607 3103 712 3146 secum
736 3081 821 3145 solus
845 3079 987 3144 Chaerea
1011 3079 1255 3166 colloqueretur,

111 3184 209 3248 quum
225 3183 308 3248 qnae
323 3165 539 3230 renuntianda
562 3173 653 3232 arant
674 3188 738 3232 non
762 3165 802 3230 ad
826 3186 898 3228 eum
921 3166 1023 3230 solum
1047 3165 1251 3248 pertinerent.

113 3255 155 3312 At
176 3256 284 3324 erant,
308 3250 422 3332 quibus
444 3251 577 3318 referret
599 3251 726 3318 Gnatho
749 3258 782 3316 et
805 3250 944 3326 Thraso,
971 3271 1050 3332 quos
1072 3249 1136 3314 iam
1158 3255 1254 3314 antea

110 3332 280 3420 populares
295 3333 472 3416 appellatos
493 3357 565 3402 eum
589 3337 704 3402 vidisse
727 3355 854 3400 neeesse
877 3343 934 3400 est.
978 3335 1023 3400 Ut
1044 3334 1105 3398 hnc
1127 3332 1254 3414 addam,

111 3439 194 3502 quae
216 3437 313 3481 eausa
334 3421 376 3482 sit
398 3420 603 3485 Parmenonis
633 3423 664 3485 in
695 3422 755 3485 hae
781 3441 881 3484 ‚scena
912 3419 1028 3492 additi,
1066 3418 1251 3501 produxisse

111 3507 276 3577 servum2)
298 3510 376 3586 puto
399 3525 470 3568 eum
493 3506 611 3572 idcirco
634 3513 671 3571 ut
693 3506 803 3571 ecdem
827 3527 889 3588 quo
911 3507 943 3568 in
963 3504 1083 3568 Andria
1098 3501 1136 3568 fit
1158 3503 1252 3568 modo

109 3589 296 3653 laudaretur
324 3588 536 3674 solatiumque
558 3592 587 3656 ei
611 3591 779 3658 afferretur
802 3589 926 3654 timoris
948 3610 967 3652 a
991 3587 1105 3671 Pythia
1125 3588 1254 3668 iniecti3

111 3677 158 3738 ita
185 3694 253 3737 rem
283 3693 350 3738 esse
380 3675 477 3738 etiam
501 3675 643 3742 Donatus
670 3676 761 3740 testis
790 3679 840 3739 est
870 3675 1029 3740 adnotans
1051 3673 1093 3738 ad
1116 3673 1153 3751 V,
1177 3678 1207 3747 8,
1230 3678 1249 3737 5

110 3761 207 3824 Plena
228 3758 368 3822 laudatio
390 3767 434 3823 eal
455 3769 483 3824 el
504 3771 623 3825 constat
643 3761 700 3824 hoc
725 3760 897 3824 Chaeream
920 3757 1077 3822 laudativa
1099 3759 1210 3821 dicere.

183 3989 202 4057 'l
237 3987 351 4042 Studien
367 3988 425 4042 und
442 3987 604 4042 Charactera
621 4004 648 4056 p.
667 3987 746 4069 2812,ι
1117 4056 1123 4069 Ι

110 4059 202 4184 exiret)
238 4057 312 4127 Opus
324 4076 378 4112 non
390 4063 450 4112 erat
461 4059 656 4112 Parmenonem
673 4061 748 4110 mrttr
767 4072 798 4109 ea
816 4056 853 4111 de
869 4073 950 4111 causa
968 4061 999 4110 ut
1007 4057 1142 4111 Phaedria
1159 4058 1241 4114 domo
